3024 4912
469 453 472 460 .
604 401 645 410 ““
686 361 749 428 ⁴³⁵
791 397 832 408 ““

159 557 1078 765 Μῖώωμωυιῖκῴῖμω
1101 575 1154 730 ,⁰5
1224 625 1262 705 tr

158 1063 216 1135 92.
268 1059 306 1132 Si
346 1085 406 1133 res
450 1057 685 1135 commodata
724 1061 953 1160 interrogata
981 1061 1130 1136 fuisset:
1173 1061 1262 1151 Quo

264 1183 364 1256 nbis?
402 1183 577 1286 profecto
617 1180 785 1258 dixisset:
828 1181 973 1274 Efficio,
1017 1201 1072 1273 ut,
1111 1171 1177 1287 qui
1204 1212 1263 1260 me

268 1305 383 1396 dedit,
410 1309 640 1408 vituperium
675 1310 858 1407 acquirat.

241 1423 350 1486 Verbe
377 1426 522 1487 Aotssmi
551 1425 613 1486 ben
642 1423 728 1486 znn
755 1433 839 1486 sunt.
883 1426 1039 1487 Homines
1067 1435 1177 1490 mutuo
1200 1448 1263 1511 ps-

158 1529 237 1590 tonti
265 1528 378 1592 dentes
405 1530 626 1608 benetneiuut3
652 1529 711 1591 sed
739 1525 923 1610 repetentes
952 1538 1059 1592 mutuo
1091 1531 1200 1596 dutum
1223 1535 1262 1596 sb

158 1653 281 1696 eonon
303 1634 457 1718 gratiam,
477 1634 536 1695 sed
559 1635 748 1716 vituperium
770 1635 946 1715 acquirunt.
982 1633 1191 1701 Proverbium
1213 1639 1264 1700 in-

157 1741 240 1820 grsti
262 1739 396 1802 hominis
418 1740 556 1802 animum
578 1737 736 1822 designet.

155 2135 215 2232 93.
270 2126 445 2200 Proiecto
473 2143 510 2199 te
536 2126 759 2200 contraham
785 2126 901 2201 morlo
928 2126 1157 2228 digitorum!

209 2252 389 2315 Meidunius
408 2254 439 2315 in
467 2253 598 2316 sohoiiis
619 2252 712 2335 dixit,
735 2255 822 2346 ,tite
840 2253 1082 2317 lomenensibus
1101 2253 1262 2337 proprium

157 2375 348 2440 vocobulum
379 2376 498 2460 digitos
534 2376 726 2458 siguificare.
770 2378 815 2438 nt
841 2395 922 2440 vero
958 2376 1031 2440 eliis
1062 2377 1263 2439 inaurium

157 2484 347 2564 significatio
374 2484 615 2545 lomenensibus
647 2483 773 2564 propriu
804 2499 880 2544 esse
916 2481 1061 2564 videtur,
1093 2482 1179 2545 undo
1206 2501 1264 2544 rex

156 2587 282 2670 qnidam
297 2587 464 2691 pittone
486 2607 684 2670 „possessor
696 2583 874 2651 inaurium“
892 2605 1071 2670 eognomen
1092 2589 1264 2669 noneperit.

156 3006 216 3077 94.
266 2999 342 3076 Nisi
381 3004 459 3075 eius
487 3003 713 3100 praestantia
739 2999 881 3088 fuisset,
914 2997 1088 3100 proiecto
1115 2997 1263 3070 attritus

262 3125 410 3200 fuisset!
516 3203 519 3209 Α

237 3257 312 3319 Nisi
340 3266 427 3318 tento
469 3257 583 3317 robore
615 3264 649 3316 et
680 3252 877 3335 praestantia
914 3248 1047 3330 suisset,
1078 3250 1131 3312 ilie
1165 3264 1262 3310 onere

157 3361 218 3443 ipsi
239 3361 394 3442 portende
413 3361 562 3442 impositu
582 3361 667 3422 ferre
688 3373 750 3418 non
771 3355 935 3437 potuisset.

278 3859 384 3932 euius
411 3855 533 3934 fatum
558 3858 673 3956 magis
699 3867 892 3958 properat,
919 3851 1138 3926 morietur!

240 3989 409 4052 Proverbii
438 3989 534 4052 huius
566 3988 723 4070 posterior
743 4003 818 4068 pers
839 4002 882 4045 ex
902 3997 1003 4045 versu
1025 3979 1174 4043 desumto
1199 3984 1264 4060 est,

159 4112 253 4176 quem
268 4095 478 4178 ntogttstuo
498 4093 627 4174 lhdjtitn
641 4092 736 4156 dixit:

459 4213 562 4336 ten
775 4222 868 4334 u
901 4219 963 4344 n

960 4423 1032 4492 28·
