2990 4920
706 309 1045 410 ιιι--ι

269 519 341 562 mee
362 497 471 580 magni
492 493 652 562 intonanti
671 501 732 556 est.
773 492 940 556 Proverbii
962 509 1082 556 seuam
1110 500 1177 556 eat:
1228 493 1378 557 Maxima

269 605 451 670 oalamitate
471 623 544 666 eum
566 579 697 665 adflixit.
740 599 860 664 Similis
888 600 1038 682 loquendi
1067 600 1220 664 modus
1212 622 1244 664 ιιι
1267 602 1377 670 ΑΙοοι·

271 716 342 795 Sur.
365 713 460 774 rav.
481 710 564 772 at
546 719 607 773 est.
630 708 745 772 Cani.
766 709 874 771 Atult
895 710 978 771 Anu.
1003 711 1102 791 lllp.
1132 709 1184 772 tt

273 1125 367 1202 158.
409 1121 558 1224 Corpus
590 1138 663 1208 est,
698 1123 737 1194 in
771 1085 878 1223 quod
910 1109 1035 1223 neque
1071 1122 1207 1195 malurn
1249 1151 1379 1225 neque

388 1229 552 1323 *bonum
578 1244 718 1320 incidit.

357 1403 392 1462 lu
404 1387 485 1461 'eum
508 1397 632 1486 dieitur,
657 1397 687 1460 in
710 1413 773 1478 que
794 1413 900 1478 neque
919 1397 1036 1458 bonum
1056 1413 1160 1478 noque
1181 1399 1299 1461 malum
1317 1411 1380 1496 eat

442 1566 533 1712 ᾧ
548 1563 687 1736 ,idoli
721 1635 763 1708 ιιι
798 1620 903 1735 aa)
939 1547 1061 1709 tzion:
1134 1613 1183 1695 ut

275 1837 357 1908 159.
407 1826 547 1913 Poene,
571 1823 677 1926 quod
703 1843 849 1928 tempus
874 1823 984 1898 celeri
1012 1853 1126 1898 cursu
1163 1829 1195 1898 ei
1230 1827 1383 1907 adtulit.

336 1982 393 2041 -ln
416 1997 488 2040 eum
510 1975 638 2057 dieitur,
659 1995 753 2056 quem
775 1985 905 2057 tempus
925 1994 1043 2058 magno
1064 1978 1148 2039 malo
1168 1977 1302 2043 adflixit.

642 2131 762 2280 oili-l
795 2140 903 2298 tjit
971 2193 1013 2274 u.

280 2344 360 2414 160.
410 2347 564 2420 Iteratio
590 2349 730 2420 maiore
757 2345 871 2423 laude
897 2347 1008 2446 digua
1035 2363 1100 2420 est.

363 2492 563 2558 Vocabulum
610 2501 706 2566 „tal
729 2494 866 2559 derivari
892 2502 1075 2579 potestant
1096 2504 1250 2587 amb,
1283 2515 1319 2568 ut
1339 2508 1384 2571 eit

213 2658 221 2668 ,
278 2617 412 2699 magia
433 2619 607 2684 laudans
629 2629 683 2682 aut
704 2640 724 2683 a
745 2630 856 2712 σμ’,
878 2625 966 2687 utsit
986 2601 1121 2709 magia
1141 2628 1382 2694 laudandus.

278 2737 315 2800 Si
337 2742 408 2822 quis
427 2741 621 2806 beneficium
642 2743 735 2808 atteri
756 2745 860 2827 infert,
885 2747 1011 2809 laudem
1033 2760 1185 2836 meretur,
1200 2755 1250 2816 siu
1272 2769 1383 2820 autem

279 2846 435 2912 beneficia
455 2851 589 2932 repetit,
621 2853 742 2916 maiore
769 2852 864 2916 lauda
894 2855 1011 2937 tignus
1042 2867 1101 2920 est.
1148 2859 1298 2946 Primus,
1326 2867 1383 2947 qui

153 2989 155 2995 ι
280 2953 364 3016 haee
386 2957 486 3018 verba
507 2955 632 3039 dixerit,
653 2958 857 3022 Chidasolrus
878 2961 964 3022 ben·
973 2964 1076 3026 Hatris
1091 2967 1261 3032 'l'amimita
1279 2971 1384 3036 luisse

280 3058 402 3124 dieitur.
456 3063 520 3126 Hie
550 3065 687 3146 puellam
719 3067 831 3131 {lebab
857 3071 1047 3150 appellatam
1086 3093 1105 3134 o
1131 3085 1230 3159 gente
1260 3080 1382 3165 Sadua,

281 3186 365 3247 quae
386 3187 460 3248 pars
482 3171 589 3252 gentis
604 3169 707 3236 Dsoltl
728 3182 806 3257 erat,
828 3176 859 3238 itt
881 3178 1112 3243 matrimonium
1134 3193 1248 3264 petens
1270 3191 1382 3270 repul-

280 3293 350 3336 sam
371 3293 489 3356 passus
514 3286 594 3363 erat,
616 3290 766 3360 parentes
788 3283 870 3345 euim
893 3284 933 3345 ob
961 3286 1087 3366 puellae
1115 3291 1383 3370 pulchritudinem
1409 3301 1421 3310 '

280 3375 412 3442 divitem
440 3401 592 3464 generum
620 3388 781 3465 petebant.
836 3391 919 3451 Post
948 3391 1068 3474 aliquot
1099 3403 1244 3492 tempus,
1273 3421 1384 3466 amore

216 3499 221 3506 ’
283 3503 345 3564 quo
373 3487 404 3548 in
434 3492 570 3570 puellam
592 3493 761 3577 flagrabat,
794 3505 990 3580 commotus,
1026 3502 1159 3583 propius
1183 3506 1224 3567 ad
1254 3520 1384 3574 amatae

280 3591 497 3660 habitaculum
516 3601 659 3662 moeson
677 3609 710 3662 et
730 3619 849 3664 versus
871 3604 1004 3688 euoluit,
1031 3610 1146 3690 quibus
1177 3617 1384 3699 querebatur,

283 3700 406 3780 quod
398 3704 459 3782 ipsi
489 3705 559 3764 viro
589 3706 710 3767 virtute
743 3705 887 3786 praedito
916 3714 998 3778 alius
1020 3716 1151 3796 quidam
1165 3756 1170 3764 -
1185 3719 1279 3786 dives
1306 3728 1385 3789 vilis

282 3807 538 3886 praeferreretur.
564 3810 688 3894 Puella,
717 3831 799 3894 quae
828 3816 898 3878 eius
924 3837 1041 3884 vocem
1072 3840 1301 3914 cognosceret,
1331 3833 1386 3896 his

221 3942 225 3946 -
282 3914 430 3975 versibus
451 3924 622 3998 commota,
645 3917 686 3980 td
707 3939 780 3982 oum
800 3922 888 3987 mitit
906 3943 1038 4010 rogans,
1062 3939 1101 4000 ¹ut
1130 3945 1259 4014 postero
1288 3959 1387 4004 mane

282 4029 433 4100 parentes
455 4020 558 4102 ipsam
580 4025 611 4086 iu
633 4027 862 4092 matrimonium
885 4023 1001 4112 petens¹
1017 4036 1128 4101 adiret.
1142 4041 1387 4111 ,Puellaautem

281 4134 415 4188 matrem
444 4139 635 4216 rogaverat,
658 4121 704 4197 ‘ut
732 4135 802 4216 ipsa
825 4137 1008 4204 Oltidasoho
1036 4147 1217 4213 nuberetur.
1245 4153 1388 4219 Postero

281 4250 392 4298 mano·
421 4233 625 4302 eniteretur
660 4240 701 4303 ad
724 4254 886 4324 merentes
916 4249 1006 4311 vonit
1041 4259 1077 4314 et
1110 4253 1255 4322 salutans
1287 4261 1385 4328 dixit:
