3024 4922
670 267 904 332 ..734-

229 461 346 542 Neque
372 456 449 521 odor
481 457 588 520 carnis
614 471 720 536 neque
748 453 863 516 sordes
890 451 992 534 adipis
1017 450 1049 512 in
1083 439 1197 512 cresso
1225 468 1347 526 eorum

230 568 335 631 latera
371 564 499 626 intrent.
542 561 700 636 Sordidae
737 578 798 640 ope
825 577 930 639 aquae
957 558 1115 638 poliuntur
1147 567 1181 620 ct
1207 559 1349 622 lavatae

176 719 179 724 .
230 676 442 755 renovantur,
474 675 508 730 et
533 667 666 749 pulchro
687 666 781 728 modo
803 665 845 728 ad
866 666 1033 749 pristinum
1053 672 1171 727 statum
1194 665 1348 730 redeunt.

232 780 349 858 Aquae
369 777 509 840 omnium
532 792 637 837 rerum
659 775 816 836 simillime
838 781 908 856 est,
930 771 1097 835 artificium
1124 781 1176 834 est
1197 757 1347 836 admira-

232 883 294 947 bilo
316 891 437 964 cleers,
462 901 526 965 que
549 881 728 957 coniicitur,
766 880 978 942 admirabilior
999 889 1060 940 est.
1082 880 1215 942 Solomo
1239 897 1346 960 quum

231 991 305 1052 vasi
326 988 367 1052 ad
388 989 560 1053 bibendum
581 1007 618 1053 os
640 985 847 1070 admoveret,
870 988 1045 1050 daemones
1065 987 1200 1049 rebelles
1222 986 1346 1050 diobo-

230 1097 317 1179 lique
342 1106 473 1160 anstero
502 1096 594 1159 vultu
622 1115 694 1160 cum
716 1095 944 1177 adspexerant.
971 1097 1060 1156 Deus
1081 1101 1155 1156 tum·
1170 1113 1243 1157 eum
1265 1113 1345 1156 am-

230 1203 339 1285 pullas
361 1203 472 1266 socero
494 1202 623 1284 docuit,
653 1221 785 1285 quarum
815 1192 876 1283 ope
903 1203 997 1263 istam
1026 1199 1193 1264 audaciam
1221 1210 1255 1263 et
1276 1221 1343 1283 op-

231 1311 390 1392 probrium
413 1326 490 1372 ase
511 1311 671 1372 retineret.
715 1310 776 1389 Qui
798 1319 905 1372 autem
928 1315 969 1371 cd
999 1307 1170 1370 bibendum
1191 1309 1341 1372 vitreos
1431 1315 1437 1324 '

232 1417 385 1501 admovit,
409 1421 439 1480 is
460 1418 533 1480 vasi
554 1439 597 1480 ex
617 1435 717 1500 aqua,
740 1435 828 1493 aura,
850 1419 1018 1498 splendore
1040 1435 1077 1479 os
1098 1417 1274 1478 admovere
1285 1418 1342 1478 vi-

233 1523 337 1588 detur.
368 1525 510 1606 Speculo
531 1534 638 1589 autem
658 1545 702 1588 ex
724 1527 807 1586 vitro
828 1524 978 1586 confecta
999 1525 1030 1586 in
1059 1525 1189 1605 periete'
1202 1525 1339 1588 clariora

235 1637 327 1713 suut,
363 1648 457 1712 quem
478 1631 611 1712 specule
633 1651 675 1694 ex
697 1630 834 1712 chalybe
856 1637 969 1710 parata
990 1637 1023 1691 et
1044 1629 1178 1710 figurae,
1201 1632 1337 1711 quaein

232 1736 274 1799 iis
295 1736 461 1822 adparent,
482 1736 707 1800 distinotiores.
750 1735 821 1817 0po
847 1737 1003 1817 ampullae
1024 1737 1145 1799 vitreae
1168 1754 1252 1820 aqua
1274 1739 1337 1801 im·
1406 1777 1411 1783 -

161 1915 163 1922 Ι
231 1843 339 1922 plotae
360 1842 445 1925 ignis
466 1843 599 1908 elicitur.
621 1844 704 1905 'l'um
727 1843 760 1924 in
781 1863 819 1905 eo
840 1843 943 1924 ipsum
963 1843 1065 1905 solem
1088 1844 1236 1906 aemulati
1252 1853 1337 1920 sunt,

232 1950 380 2030 quoniam
408 1957 522 2013 natura
543 1951 633 2032 vitri,
655 1969 779 2035 aquae,
806 1968 903 2012 aurae
929 1957 963 2011 et
991 1950 1069 2011 solis
1098 1949 1243 2013 eiusdem
1265 1952 1335 2012 ele-

231 2057 330 2119 menti
359 2067 419 2126 est.
462 2057 559 2122 Nullo
588 2068 694 2122 autom
714 2075 769 2119 res
789 2059 852 2120 sub
871 2057 962 2119 coelo
976 2057 1152 2140 ‚pigmenta
1172 2059 1283 2122 melius
1305 2059 1336 2120 in

232 2181 270 2226 se
296 2163 414 2245 excipit
441 2170 475 2225 et
505 2172 696 2240 conservat,
721 2165 768 2226 ito
790 2173 825 2228 ut
846 2181 919 2226 cum
937 2163 1117 2226 substantie
1138 2165 1208 2226 eius
1229 2165 1337 2226 intime

232 2269 472 2349 coniungantur.
495 2270 596 2332 Lucis
618 2279 725 2332 autem
746 2270 947 2351 splendorem
969 2270 1240 2333 inalterumaeris
1255 2272 1337 2334 latus

232 2375 453 2438 transmittens
482 2362 623 2437 colorem
643 2376 790 2437 suumin
810 2374 888 2437 illud
909 2377 1069 2439 transfert.
1092 2376 1185 2455 Quod
1207 2378 1235 2439 si
1256 2397 1335 2440 vcro

231 2490 350 2544 terrem
383 2480 554 2568 habitaculi
596 2501 654 2563 per
685 2482 836 2562 poculum
870 2483 996 2546 colores
1024 2484 1151 2546 habens
1189 2495 1336 2548 contem-

230 2587 343 2671 pleris,
355 2606 395 2651 ea
412 2587 571 2670 pulchrior
588 2605 683 2671 quom
704 2589 1002 2671 pictucmanaae¹J
1012 2599 1045 2652 ct
1059 2590 1199 2652 sericum
1208 2592 1333 2654 Tostari

230 2693 370 2763 videtur.
383 2696 540 2760 Homines
563 2705 670 2760 autem
691 2697 733 2759 ad
753 2695 862 2760 vinum
877 2698 1047 2760 bibendum
1059 2699 1162 2779 aptius
1174 2718 1334 2781 vasquam

91 2881 94 2892 Ι
195 2855 200 2860 .
231 2803 368 2865 vitreum
407 2802 467 2864 nbi
505 2822 567 2864 non
602 2813 762 2882 pararunt.
822 2803 912 2865 Dixit
932 2806 1023 2866 Deus
1045 2806 1218 2868 altissimus
1246 2809 1334 2880 (Sur.

230 2907 374 2987 XXVII,
395 2906 490 2985 402«
512 2906 640 2966 Dictum
663 2908 694 2968 ei
714 2913 781 2970 ost:
803 2903 902 2989 lutra,
926 2929 944 2970 o
966 2908 1097 2993 femina,
1118 2912 1148 2973 in
1170 2904 1333 2993 palatium!

230 3011 324 3093 Quod
347 3029 442 3094 quum
463 3009 613 3096 vidisset,
635 3011 667 3074 id
690 3029 839 3094 magnam
861 3032 965 3096 aquae
985 3019 1100 3080 molem
1117 3037 1192 3080 esse
1213 3027 1331 3100 putans

131 3121 132 3128 ’
234 3135 330 3183 crura
351 3136 410 3182 sua
438 3115 623 3181 denudavit.
666 3121 722 3182 llle
748 3127 857 3183 autem
886 3119 977 3185 dixit:
1000 3124 1161 3186 Palatium*
1181 3133 1231 3187 csl
1252 3127 1334 3188 levi·

231 3235 344 3308 gotum
365 3245 408 3290 ex
428 3226 596 3308 ampullis«
640 3219 730 3292 Dixit
754 3246 848 3310 porro
876 3229 964 3304 (Sur.
996 3231 1143 3315 LXXV,
1176 3235 1246 3308 llll:
1275 3237 1336 3304 :Et

231 3333 1334 3420 canthari,quiampullaceunt,ampulloeargeuteaec.Nomenautcm

230 3449 365 3522 argento
386 3440 472 3504 dedit
482 3441 565 3504 ‘inde
587 3440 775 3508 derivatum.
796 3444 958 3526 Propheta
979 3453 1085 3508 autem
1105 3450 1254 3531 agasoni,
1277 3469 1335 3514 co-

230 3549 331 3611 melos
366 3567 485 3612 uxores
518 3557 682 3630 portantes
719 3551 928 3614 vehementer
955 3553 1127 3636 impellenti
1161 3555 1257 3619 dixit:
1306 3558 1334 3621 0

232 3649 372 3720 onaiset
395 3674 468 3720 cum
489 3657 634 3738 ampullis
663 3658 777 3719 leniter
802 3645 902 3738 agas!
945 3661 1073 3722 Nomen
1095 3663 1193 3744 igitur
1218 3666 1334 3727 mulie-

230 3763 317 3825 ribus
347 3761 419 3824 inde
447 3761 623 3826 derivatum
652 3761 750 3826 dedit.
793 3763 910 3828 Dicere
938 3767 1061 3830 solent:
1106 3767 1265 3849 „Quidam
1293 3771 1334 3832 nil

230 3976 482 3993 m

248 4107 276 4164 1)
292 4109 399 4159 Nomen
415 4105 621 4168 urbisdrabice
637 4109 723 4166 relicta
739 4113 834 4177 pannis
851 4115 952 4168 striati:
968 4117 1051 4167 notae
1069 4115 1120 4166 est.

251 4195 284 4257 lt)
301 4197 408 4248 Nomen
426 4195 515 4288 oppidi
533 4204 583 4250 est.
