3024 4922
670 281 902 351 ...882-

214 489 333 554 rantur.
374 475 610 542 Ainnbmnnunr
639 465 771 547 antem,
795 471 850 526 ut
878 459 1096 544 signifrearet,
1131 453 1334 518 Atheritsnm

216 585 383 654 Cbslidunr
404 577 603 662 ben-Djaiar
623 572 807 652 ben-Cilub,
830 569 882 652 qni
901 568 1029 632 vicinus
1053 561 1226 626 Aiaswadi
1245 561 1334 622 ben·
1377 643 1389 650 .

214 689 399 758 Almundsir
412 683 696 770 essetssaetdtasa,
708 679 845 742 dixisse·
848 673 983 756 ,aaut
953 707 1010 764 0·
1022 683 1116 772 σο,
1125 671 1247 736 toM
1272 666 1329 735 sat

226 809 359 896 ,Nonne
378 815 413 870 tu
442 803 520 868 uarii
542 803 588 867 tui
617 807 741 900 partem
773 801 899 877 ruptam
927 777 1059 855 tirmiter
1091 785 1232 871 ligasi“
1269 790 1334 850 Ar-

213 854 370 981 baritsum
408 920 517 975 antem
561 893 787 989 respondisse.
832 905 931 1003 &Aa
965 879 1109 982 ,tiQ
1133 907 1256 994 metat
1279 900 1333 979 μ

216 1029 331 1112 „Num
350 1043 452 1110 equos
473 1023 515 1086 ad
531 1030 693 1085 certarnen
704 1018 898 1101 prodeuntes
914 993 969 1077 ad
976 1033 1029 1075 me
1051 1012 1187 1074 veniens
1209 1012 1335 1074 transi-

215 1075 308 1200 biatu
324 1131 567 1218 qrribnsverbis,
584 1147 669 1212 quae
683 1126 714 1188 in
723 1124 888 1218 pruverbii
904 1117 1165 1185 consuetudinem
1173 1119 1337 1201 venerint,

215 1240 426 1325 signiticaret,
447 1257 534 1319 eum,
555 1236 585 1300 si
606 1236 713 1316 ipsum
734 1232 901 1315 perderet,
923 1229 1039 1291 nudum
1061 1225 1121 1288 nisi
1142 1227 1248 1308 ipsum
1270 1245 1337 1288 ou-

217 1347 349 1412 uideret.
389 1343 628 1407 Ainubmanum
658 1325 767 1404 autem
793 1339 866 1401 istis
886 1332 997 1400 verbis
1018 1343 1225 1416 commotum,
1249 1351 1353 1414 opes.

219 1461 330 1588 raptae
350 1449 538 1516 reddidisse.
650 1477 653 1482 ·
871 1427 874 1432 ’

504 1644 627 1798 iga
665 1579 1042 1798 {studebit

219 1873 279 1956 96.
331 1863 518 1954 Fideliur,
533 1889 650 1964 quam
678 1862 801 1932 Omm·
806 1857 976 1960 Djamiln.

302 2001 420 2064 uuuer
441 1976 509 2063 aa
525 1995 571 2060 au
589 1995 738 2059 rammam
768 1993 1049 2082 Anu-uanam
1069 1993 1249 2066 non-nus,
1269 1993 1334 2054 Αι-

220 2117 310 2174 sarat
356 2107 547 2172 incolentem
593 2102 780 2188 pertinebat.
842 2093 1064 2162 Hesebamus'
1094 2097 1336 2162 ben-Alwalrd

222 2211 519 2297 ben-Aimugbirah
546 2209 765 2272 Maebsumita
796 2206 959 2270 uueiderat
980 2205 1249 2268 Abu-Sohnirum
1271 2205 1338 2268 ΑΙ-

220 2322 362 2402 sahrani,
386 2322 439 2402 qui
461 2317 502 2380 ad
523 2317 639 2380 tribum
660 2313 732 2377 Asd
754 2313 927 2378 Sebanuah
948 2313 1125 2394 pertinebat
1151 2320 1183 2374 et
1203 2313 1337 2393 propin-

221 2445 305 2512 quus
320 2423 544 2506 Abu-Sotium
555 2422 726 2485 ben-Harb
744 2428 821 2486 erat,
842 2420 895 2484 Re
910 2420 1020 2482 audita
1042 2419 1111 2480 eius
1132 2437 1215 2502 gens
1226 2421 1257 2480 in
1273 2441 1336 2501 up-

222 2533 298 2617 pidu
324 2534 457 2597 Alsarat
483 2531 516 2594 iu
544 2527 715 2594 Dbirarurn
737 2528 1075 2609 ‚ben-,Alahaththnm
1111 2535 1148 2602 pt
1175 2546 1248 2589 eum
1278 2548 1335 2608 prn

222 2642 275 2706 iliu
294 2637 469 2723 oeeideret,
492 2638 589 2701 irruit.
632 2638 677 2700 At
697 2635 751 2699 bin
771 2637 803 2698 in
827 2635 956 2698 domurn
978 2633 1253 2716 Omm-Djamdae
1277 2635 1333 2696 iu-

222 2750 317 2834 gieus
339 2743 380 2812 ab
401 2766 442 2811 ea
463 2745 653 2810 convocatis
675 2745 744 2808 suis
765 2743 923 2818 'defensus
944 2753 1003 2806 est
1090 2761 1094 2768 ·

224 3197 285 3267 97.
336 3186 514 3279 Fidulius,
541 3214 659 3291 quam
681 3186 782 3264 Abu·
784 3177 976 3264 Hnnbnlus
1004 3190 1180 3293 Tbajjitn.
1273 3269 1280 3278 ,

305 3340 376 3408 Viri
397 3357 512 3406 nemen
540 3349 611 3404 erat
630 3341 784 3406 Haritsah
805 3341 998 3405 ben-Morr.
1042 3344 1154 3407 Causa
1174 3344 1334 3424 proverbii

225 3458 312 3529 erat,
342 3447 428 3531 quod
453 3446 711 3526 Amrngt'Kaisu
739 3467 812 3516 eum
841 3450 1012 3534 uxoribus,
1042 3452 1154 3530 opibus
1175 3453 1333 3531 armisque

225 3557 361 3625 adeum
384 3556 565 3621 devertenti
586 3556 681 3620 fidem
713 3565 916 3621 servaverat.
959 3559 1054 3620 linae
1075 3565 1185 3620 autern
1213 3576 1334 3619 uxores

226 3667 256 3728 ei
277 3673 370 3728 erant
389 3682 453 3728 uua
474 3661 666 3744 Djoduiitiaa
682 3665 784 3726 altera
805 3665 1016 3747 Tsoahlitiea,
1038 3683 1169 3745 quarum
1181 3664 1278 3745 prior,
1299 3673 1334 3726 ut

225 3769 330 3832 tidem»
343 3769 479 3851 falleret,
502 3769 603 3832 attera
630 3778 664 3832 ut
687 3778 847 3852 servaret,
877 3771 1044 3837 suadebat.
1087 3772 1230 3851 Quarum
1253 3790 1334 3833 enn-

226 3875 332 3938 silium
360 3892 453 3954 quurn
481 3873 679 3955 audivisset,
712 3891 807 3936 nvem
837 3875 954 3939 bimam
983 3877 1090 3940 mulsit
1103 3861 1109 3868 ¹
1124 3886 1157 3938 nt
1184 3877 1236 3941 iau
1263 3877 1334 3938 eius

189 4042 198 4056 ,
225 3980 338 4044 bibens
364 3988 399 4042 et
424 3989 570 4044 ventrem
592 3999 686 4043 suum
708 3975 880 4066 detergens
900 3983 992 4046 dixit:
1013 3985 1079 4047 Per
1106 3974 1230 4058 Deum!
1257 3983 1334 4044 Non

226 4083 349 4168 perfide
376 4103 494 4169 agam,
524 4085 673 4169 quamdiu
701 4089 752 4152 iau
781 4091 852 4154 avia
880 4090 984 4156 bimae
1015 4093 1090 4156 mibi
1120 4090 1272 4172 suffecit,
1302 4097 1334 4150 et

215 4197 403 4275 'sequentes
424 4193 726 4261 versusreeitavit:
776 4267 778 4272 ¹
