2990 4920
580 311 788 376 *lb-¹·-

133 493 201 556 cius
225 494 328 558 reditu
349 501 422 558 nud'
443 503 620 582 reparatur.
663 493 979 557 Atittautertrallterl
1009 492 1139 578 Dicunt,
1160 495 1236 576 plu-

137 601 222 666 viam
246 612 396 666 evertere
427 609 460 664 et
487 615 694 681 corrumpere
720 603 835 683 addae
856 601 1079 686 r'ece'p'tbcula,
1121 604 1236 684 plantis

135 718 244 772 autem
266 709 485 771 crescentibus
507 726 625 768 noxam
645 706 730 768 illam
752 709 899 790 reparari.
933 690 984 770 lio
1004 709 1073 771 viro
1095 707 1238 770 adhiberi
1312 744 1317 752 ·

135 815 348 897 proverbium,
371 814 462 876 cuius
482 813 600 874 utilitas
621 803 721 874 maior
740 813 782 873 sit
805 819 1014 896 qttam³ncxa
1063 817 1131 878 Sed
1153 818 1237 898 legit·

134 931 186 984 tur
207 941 336 1028 quoque
357 931 435 989 mae
457 920 736 1000 corruptumst
740 921 796 982 uit
818 929 850 982 et
870 925 969 1004 με)
993 923 1126 985 euivoci
1148 941 1237 984 ccr-

135 1044 347 1126 rtimpendi
368 1043 560 1126 significatio
581 1043 735 1105 tribuitur.
758 1045 842 1106 Sunt
863 1043 1012 1126 denique,
1037 1045 1088 1128 qui
1109 1047 1239 1114 Mil.

69 1165 73 1176 ’
133 1171 209 1274 ⁰5³¹
228 1169 289 1254 „id
311 1167 395 1250 quod
416 1167 518 1248 frigus
540 1159 703 1247 corrupit“
726 1166 876 1233 babeant.
914 1167 1010 1246 Quod
1032 1170 1061 1230 si
1080 1170 1166 1262 hunc
1186 1170 1237 1231 le-
1321 1195 1329 1206 .

134 1293 233 1378 gendi
254 1291 381 1354 modum
403 1289 555 1374 admittis,
577 1290 781 1372 proverbium
805 1288 845 1350 de
866 1289 937 1352 viru
953 1289 1164 1353 adhibendum
1174 1298 1237 1376 est,

133 1403 187 1484 qui
208 1401 248 1462 ab
270 1400 331 1491 alic
354 1406 423 1460 orta
450 1398 533 1460 mala
560 1413 619 1458 sua
647 1397 768 1496 yirtute
797 1393 931 1478 reparat.
975 1396 1068 1460 Conf.
1096 1398 1237 1462 Meidan.

135 1506 349 1571 Samaehsch.
373 1505 493 1598 center.
515 1501 651 1586 append.
673 1522 764 1586 prov.

134 1949 193 2022 66.
247 1943 359 2016 Dedit
384 1946 566 2042 exiguum
584 1935 836 2046 quantitdttem
863 1969 883 2014 e
911 1945 1042 2045 copia·-

219 2079 364 2158 Utraquc
404 2096 471 2138 vox
500 2105 589 2166 0⁰ss
610 2086 643 2140 et
663 2087 743 2166 (με
773 2078 814 2141 de
841 2095 945 2158 pauca
973 2085 1006 2139 et
1033 2079 1133 2140 multa
1157 2097 1242 2160 aqua

135 2209 315 2280 usurpatur.
346 2198 384 2261 ld
406 2211 473 2263 est:
495 2201 639 2264 Paucum
660 2200 760 2280 dedit,
783 2202 878 2282 qnu'm
900 2201 1029 2264 multum
1049 2201 1239 2284 possideret,

140 2313 175 2370 ln
197 2327 279 2368 eum·
292 2307 415 2390 dieitur,
439 2308 503 2393 qui,
527 2325 719 2390 quamquam
735 2309 849 2391 opibus
868 2309 1019 2391 abundat,
1042 2319 1150 2374 tamen
1162 2330 1240 2394 par·

140 2414 285 2478 vadona
306 2414 369 2478 dat.
413 2415 506 2480 Ceus.
528 2415 622 2480 Kam.
646 2416 697 2496 Dj.
721 2425 754 2480 et
778 2417 816 2480 Ο.
838 2418 930 2501 xlx,
957 2417 1005 2480 16.

491 2548 531 2578 0⁰⁴
782 2572 797 2586 .

428 2593 529 2754 eja·
562 2627 698 2742 ,aa
732 2582 856 2732 tm
922 2619 954 2712 t

138 2849 199 2920 61.
251 2845 371 2920 Urina
391 2848 483 2920 ⁴eius
520 2845 704 2943 (carneli)
730 2851 768 2921 in
795 2848 874 2923 sole
912 2851 1050 2924 siccata
1080 2847 1241 2922 scabiem

244 2971 419 3044 medicat.

221 3103 426 3168 Vocabulum
448 3115 523 3169 κω
555 3103 712 3166 urinam
746 3108 896 3169 cameli
927 3108 965 3169 in
992 3108 1082 3170 sole
1109 3108 1245 3170 sicea-

138 3235 237 3309 tam,
268 3227 553 3308 quaseabiem
590 3225 1030 3318 medicanustgnlttcat.
1074 3233 1108 3292 ln
1142 3232 1244 3293 virum

138 3333 352 3396 excellentem
373 3333 499 3422 dicitur,
522 3319 613 3392 cutis
635 3315 841 3420 eorrsili'b'ad
859 3331 1057 3399 calamitates
1079 3337 1243 3420 depellen-

143 3441 203 3504 das
225 3447 377 3505 utuntur„
404 3437 507 3502 Meid.
528 3435 581 3522 uj.

510 3597 767 3820 uuili}
838 3656 876 3736 tt

140 3873 200 3942 62.
252 3872 456 3946 Haesit'utit
482 3871 697 3974 indigando
724 3871 876 3971 cingulo
905 3871 1097 3975 pectorali.

130 4060 138 4080 .
225 4003 426 4084 Vue'ab'ulum
447 4027 544 4095 otta,
565 4024 734 4088 antilenam
755 4025 929 4106 significat,
953 4043 1038 4106 quae
1057 4027 1171 4091 cameli
1185 4048 1248 4111 pe-

143 4151 215 4206 etus
237 4161 337 4226 prope
359 4144 506 4226 iugulum
528 4145 647 4229 cingit,
677 4166 719 4209 ne
750 4147 830 4209 sella
852 4141 1102 4216 curnmeveatnr.
1144 4154 1251 4216 lluius

145 4254 304 4335 proverbii
333 4253 488 4335 originem
510 4273 552 4316 ex
576 4273 616 4316 eu
638 4263 740 4320 ortam
762 4265 999 4339 assenserant,
1021 4258 1103 4338 qued
1125 4261 1176 4323 vir
1197 4270 1252 4326 at-

929 4425 952 4493 7
1052 4487 1058 4497 .
