2990 4916
638 266 871 332 ..404-

206 451 289 524 306.
345 451 488 551 Aquam
524 464 627 522 tuam
665 471 741 520 non
770 450 1000 524 conservasti
1027 463 1065 521 et
1091 443 1322 549 pudendum

340 589 448 646 tuum
473 599 552 647 non
576 569 776 646 mundasti.
827 591 833 600 “

288 723 424 806 Legitur
452 741 578 806 quoque
608 723 680 786 loeo
707 723 801 786 vonis
821 724 904 790 affl
935 741 1003 786 vox
1024 723 1116 819 65>
1149 723 1203 784 rel
1223 723 1315 827 ὼν)

206 842 342 906 »eordan
370 851 462 908 tuas«
483 846 548 922 (sio
568 846 600 907 in
632 844 891 909 Samaobsoharii
919 844 1058 918 outline).
1094 847 1234 908 Narrant
1255 846 1317 905 vi-

206 969 275 1014 rum
298 969 372 1014 oum
394 970 495 1014 uxore
516 953 647 1014 suaiter
668 953 851 1034 facientem,
875 971 970 1034 quum
992 971 1091 1033 uxor,
1115 971 1199 1032 quae
1217 971 1319 1014 men-

206 1057 306 1120 etroie
329 1058 503 1139 laboraret,
525 1077 659 1140 paucam
682 1077 817 1140 aquam,
839 1077 932 1139 quam
954 1076 1066 1121 seeum
1087 1059 1229 1140 haberet,
1252 1057 1322 1120 atl-

206 1162 363 1226 bibuiaaet
390 1164 431 1226 ad
460 1182 497 1225 se
526 1165 723 1244 lavandam,
748 1183 833 1244 aqua
862 1164 915 1224 isti
943 1165 987 1224 rei
1022 1185 1084 1226 uon
1118 1164 1318 1248 sufficiente,

207 1271 363 1352 proverbii
384 1271 486 1332 verba
507 1270 639 1332 dixisse.
682 1270 970 1332 Almoladhdhelus
992 1279 1099 1333 autem
1122 1262 1211 1350 dixit,
1234 1291 1318 1351 pro-

206 1378 306 1440 verbii
340 1386 504 1440 auctorem
541 1376 744 1439 Aldlrabbum
765 1365 963 1438 b'en-Arwa
989 1376 1191 1439 Aloilbibtam
1226 1394 1317 1439 ease.

207 1484 270 1545 llio
297 1491 509 1544 mercaturam
538 1483 683 1544 lauturus
713 1500 784 1544 oum
811 1490 909 1562 gente
938 1499 998 1542 sua
1024 1501 1066 1542 ex
1094 1490 1181 1543 terra
1202 1484 1319 1544 lemen

207 1591 337 1653 exierat.
374 1590 437 1650 l’er
458 1589 577 1669 aliquot
599 1587 670 1649 dios
691 1599 860 1669 postquam
883 1603 953 1648 eum
976 1588 1074 1649 soniis
1097 1588 1156 1649 iter
1177 1589 1317 1672 fecerat,

207 1716 266 1760 eoa
301 1697 426 1778 reliquit
458 1706 491 1758 et
524 1697 554 1758 in
592 1695 719 1759 deserto
754 1695 784 1755 iu
822 1703 953 1776 gentem
995 1692 1165 1757 llamadau
1196 1695 1317 1766 inuidit,

207 1804 320 1866 lovani
339 1805 381 1866 illi
403 1803 537 1886 pulohro
558 1803 716 1884 adspectu
733 1811 766 1863 et
787 1802 927 1885 eleganti
945 1802 1102 1865 ‘Ahmram
1125 1803 1222 1866 liliam
1244 1806 1315 1868 So-

208 1913 270 1975 bati
298 1931 392 1995 quam
414 1912 559 1994 amabat,
581 1913 612 1974 in
633 1911 863 1973 matrimonium
887 1912 1008 1990 petenti
1026 1913 1163 1990 primum
1185 1911 1315 1993 quidam

208 2018 285 2084 dare
299 2021 503 2100 recusabant,
519 2017 603 2100 quod
619 2038 721 2099 unque
734 2025 830 2099 poeta
848 2035 953 2098 noque
969 2017 1110 2078 hariolus
1123 2035 1225 2098 nequa
1241 2019 1319 2080 fon-

208 2127 287 2188 tium
303 2144 422 2210 gnarus
443 2134 544 2211 osset,
561 2126 688 2195 tandem
711 2125 860 2206 precibus
880 2124 989 2185 multis
1006 2127 1156 2186 commoti
1173 2143 1320 2188 conson-

208 2244 327 2299 eerunt.
345 2235 464 2316 Aliquo
477 2243 619 2315 tompore
630 2241 703 2314 post
715 2252 797 2316 gens
810 2232 967 2315 quaedam
978 2232 1120 2294 Arabum
1138 2233 1170 2293 in
1188 2232 1248 2294 hos
1265 2235 1319 2294 in-

208 2341 390 2404 eureiouem
419 2341 529 2401 facere
569 2340 707 2400 volebat.
724 2340 812 2400 'Hae
844 2339 884 2400 de
911 2357 1010 2410 eausa
1040 2357 1124 2419 gens
1147 2339 1318 2401 llamadan

207 2444 390 2527 Dhabbum,
405 2427 498 2527 quem
517 2444 596 2524 ipsia
609 2444 811 2505 infortunium
827 2443 1039 2506 adducturum
1063 2462 1140 2505 esee
1157 2453 1320 2529 putarent,

208 2569 281 2616 eum
295 2570 397 2614 uxore
413 2551 607 2633 depulerunt.
629 2552 693 2614 Per
723 2551 805 2614 diem
832 2559 1023 2632 noctemque
1045 2553 1107 2614 iter
1124 2553 1282 2615 facientes
1299 2573 1321 2616 a

208 2662 374 2724 lentunen
384 2661 517 2722 multum
533 2660 673 2724 aberant.
683 2661 773 2723 Uxor
787 2660 894 2741 igitur,
910 2677 995 2738 quae
1004 2659 1178 2721 menstruis
1190 2660 1322 2723 labora-

208 2777 269 2848 ret,
283 2768 450 2848 epefontia
462 2769 616 2845 aquamiu
627 2765 767 2828 lavando
781 2765 933 2852 adhibuit,
951 2767 1012 2828 eod
1028 2767 1080 2828 isti
1099 2768 1145 2828 roi
1162 2786 1245 2847 aqua
1256 2787 1322 2831 non

208 2873 348 2936 suffoco.
367 2872 420 2933 Ad
433 2872 560 2933 iontem
582 2874 809 2952 pervenientes
836 2893 908 2936 eum
923 2876 983 2936 aub
1004 2883 1122 2937 terram
1137 2875 1318 2938 demersum

207 2987 410 3046 invenerunt.
431 2977 569 3040 Maritus
585 2987 651 3042 tum
674 2980 827 3060 temporie
853 2982 915 3043 ista
931 2983 1092 3061 proverbii
1112 2983 1213 3046 verba
1228 2984 1333 3046 uxori

210 3089 291 3152 dixit
312 3096 353 3150 et
374 3087 405 3146 in
421 3086 542 3148 arboris
563 3089 674 3150 umbra
695 3085 867 3151 considens
893 3089 953 3152 boe
976 3091 1092 3152 eeoinit
1113 3107 1248 3153 versus:

258 3215 508 3353 offitium*
538 3191 652 3337 oia»
677 3221 737 3314 tt
776 3241 854 3360 aa,
884 3210 1119 3342 miii-it
1145 3247 1170 3312 t
1195 3214 1270 3354 ξυίῡ

259 3438 738 3596 {veretrum
789 3432 1272 3590 nottestan

260 3661 365 3777 ,inb
398 3661 741 3802 &emmim
792 3653 1269 3804 mitigit-tgtutttffissi
1338 3771 1344 3778 ¹

260 3888 383 4023 Μ
406 3901 447 4046 u,
467 3888 530 4016 tt<
544 3873 628 4033 te
654 3891 741 4018 tr·
792 3891 884 4018 tet
898 3883 946 4029 tt
973 3891 1061 4010 ut
1092 3877 1271 4032 „feet

212 4108 302 4190 „Per
330 4107 453 4176 Deuml
475 4115 551 4178 Non
572 4075 762 4184 atlflixeruut
781 4117 998 4182 adversitates
1027 4117 1188 4188 infortunii
1209 4117 1321 4180 uxoris

254 4233 356 4282 eausa
390 4219 535 4284 maritum
565 4221 649 4286 siout
677 4217 752 4285 mel
788 4224 954 4304 Quaenam
991 4233 1060 4289 erat
1092 4224 1225 4308 gravior
1260 4222 1320 4285 dos
