2986 4914
693 279 924 383 ..594ss

259 508 331 570 eius
350 513 510 570 secretum
532 505 692 589 divulgas,
714 503 754 568 ab
775 505 847 566 eius
871 503 1002 585 perfidia
1029 521 1169 567 securus
1198 521 1276 566 osse
1306 523 1377 566 non

259 625 354 694 potes
375 622 409 690 et
429 615 458 674 si
481 615 549 674 eius
571 611 720 674 mandato
747 611 964 691 inobsoqueus
996 629 1051 694 es,
1079 612 1149 672 eius
1178 619 1295 691 peetus
1325 613 1377 673 ira

265 718 431 781 accendis.
453 719 536 780 'rum
556 735 684 799 quoque
704 734 797 791 cave,
820 735 862 776 ne
884 717 969 778 laete
990 719 1051 799 sis,
1073 735 1172 798 quum
1189 721 1259 798 ipse
1279 736 1380 778 ιιιοο-

260 833 333 886 stus
351 831 416 904 est,
432 830 466 884 et
485 822 593 904 (iuge)
614 821 783 902 tristitiem,
799 839 895 900 quum
910 823 981 901 ipse
995 824 1100 884 iaetus
1121 831 1180 883 est.
1202 823 1294 884 Prior
1308 842 1375 884 au-

260 938 325 992 tem
347 928 525 1011 proprietas
548 926 701 988 cohaeret
724 943 797 988 cum
820 944 872 1008 eo,
905 926 1128 1008 quodminus,
1150 945 1245 1009 quam
1269 926 1374 991 debe·

260 1053 345 1115 naus,
374 1034 527 1113 iacimus,
558 1033 716 1112 posterior
743 1047 817 1093 cum
848 1050 906 1112 eo,
951 1031 1036 1112 quod
1062 1034 1162 1094 vitam
1194 1034 1375 1097 turbamus.

261 1141 375 1222 Magni
395 1158 470 1202 eum
488 1159 618 1220 semper
641 1139 742 1221 habe,
766 1145 800 1200 ut
813 1139 935 1200 honore
957 1131 1145 1200 toadficiati
1170 1138 1275 1217 Quam
1297 1159 1374 1202 ma-

266 1249 355 1309 xime
376 1264 451 1308 oum
472 1264 512 1306 eo
534 1244 732 1325 consentias,
755 1251 791 1305 ut
810 1252 844 1306 te
865 1241 1095 1324 benignissime
1115 1252 1241 1306 tractet.
1275 1244 1375 1308 Scias

264 1359 386 1431 autern,
408 1329 567 1412 desiderio
590 1357 644 1410 tuo
699 1350 738 1410 ab
768 1369 807 1411 eo
834 1359 867 1411 te
890 1368 953 1410 uon
982 1349 1152 1428 potituram
1175 1368 1269 1431 esse,
1312 1352 1377 1412 nisi

262 1458 333 1519 cius
354 1455 553 1517 voluntatem
573 1464 657 1535 tuae,
680 1454 813 1536 eiusque
833 1454 1038 1535 cupiditatem
1061 1456 1093 1515 in
1116 1475 1173 1536 eo,
1203 1457 1288 1536 quod
1306 1475 1372 1518 cu-

262 1565 313 1645 pis
334 1569 391 1624 aut
412 1561 508 1641 neiis,
529 1567 605 1622 tuac
625 1560 801 1642 praeferas.
849 1561 939 1622 Deus
960 1568 1067 1622 autern
1090 1561 1232 1633 efficiat,
1256 1572 1293 1624 ut
1315 1583 1375 1624 re·

262 1677 349 1731 ctum
372 1657 516 1747 eligesl')
558 1667 620 1727 His
635 1666 743 1727 verbis
762 1666 858 1728 finitis
875 1664 1015 1728 deducta
1044 1666 1253 1728 honorificum
1282 1668 1372 1748 apud

265 1793 336 1836 enm
358 1773 531 1852 occupavit
552 1772 666 1836 locum.
719 1773 853 1852 Septem
874 1778 950 1852 post
971 1792 1042 1833 eum
1065 1781 1238 1853 regnantes
1263 1774 1293 1834 iu
1316 1794 1374 1836 re-

264 1882 362 1962 gione
383 1881 501 1942 Jemen
521 1897 617 1963 reges
640 1899 682 1940 ex
703 1898 743 1940 ea
763 1881 828 1941 nati
851 1885 935 1940 suut.
958 1878 1223 1954 Abu-Obbaidus
1243 1883 1319 1980 ct),
1347 1884 1373 1945 b

263 2005 308 2066 ita
330 2004 523 2082 enunciavit,
546 2012 581 2066 ut
601 2003 635 2069 ό
658 2005 825 2066 masculini
840 2005 969 2084 generis
990 2004 1043 2080 sit,
1058 2003 1159 2063 verba
1180 2003 1287 2065 autem
1303 2004 1368 2065 ΑΙ-

264 2124 453 2206 nabeghaho
498 2123 687 2205 Aidsobjani
730 2119 870 2187 tribuens
910 2123 1074 2184 Ihz'amum
1117 2123 1370 2187 ben-Schahbar

265 2233 354 2314 regis
377 2231 570 2294 Aluohmani
591 2231 819 2293 cubicularium
840 2229 903 2289 hoc
918 2245 1017 2288 versu
1025 2228 1247 2395 interroganti,
1260 2247 1371 2308 quae-

265 2356 339 2400 nam
360 2340 448 2418 regis
471 2338 597 2418 aegroti
626 2337 764 2400 conditio
793 2343 893 2397 osset.
937 2333 994 2396 Sic
1022 2351 1128 2414 quoqu

1178 2335 1209 2395 iu
1235 2334 1371 2397 Kamusi

267 2459 364 2521 opere
388 2441 514 2523 iegitur.

469 2569 485 2596 ω
710 2556 728 2598 e
802 2539 821 2582 ὕ
867 2580 885 2600 ,
1047 2579 1066 2599 .

432 2563 1066 2740 ρᾦἷδίῲὁριο
1139 2621 1177 2697 tr

272 2803 328 2872 13.
379 2798 461 2871 Non
491 2815 546 2870 est
571 2797 663 2869 mihi
690 2737 830 2870 crimen
862 2813 1011 2897 praeter
1039 2801 1180 2870 crimen
1207 2797 1368 2872 Zohrae.

363 2921 423 3038 53
449 2954 482 3005 et
496 2919 557 3040 5⁰43
583 2943 692 3022 (Zahr
715 2954 748 3007 et
767 2945 875 3023 Zohr)
897 2963 966 3008 vox
987 2945 1185 3010 dominabilis
1213 2958 1246 3009 et
1276 2948 1367 3010 iude-

267 3055 424 3119 cliuabilis
444 3074 559 3118 nomen
578 3055 663 3118 filiae
683 3057 841 3119 lrokmaui
862 3052 952 3130 est.²)
995 3058 1184 3121 Lokmanus
1214 3079 1288 3122 curn
1306 3059 1367 3122 filio

267 3160 493 3222 snoLokaimo
505 3161 691 3242 praedatum
703 3164 868 3243 proiectus
889 3164 994 3225 multis
1011 3166 1142 3229 camelis
1161 3167 1281 3248 potitus
1294 3175 1368 3228 erat.

269 3267 447 3328 Lokaimus
469 3266 564 3349 quun'r
590 3277 666 3331 ante
697 3271 898 3332 [rokmauum
929 3269 1059 3332 domum
1086 3291 1241 3336 reversus
1269 3281 1368 3356 esset,

270 3370 381 3434 Zohra
402 3391 498 3437 unum
521 3393 563 3437 ex
586 3376 656 3438 eius
679 3376 810 3438 camelis
831 3377 997 3456 mactavit,
1025 3384 1059 3437 ut
1081 3379 1162 3457 patri
1183 3378 1290 3440 cibum
1310 3397 1368 3458 pa-

270 3485 365 3540 raret
409 3479 614 3562 Lokmanus,
657 3481 711 3559 qui
740 3480 845 3540 odium
877 3482 909 3541 in
947 3461 1140 3544 Lokaimum
1168 3493 1369 3564 conceperat,

271 3583 355 3662 quod
376 3591 450 3646 unte
470 3585 572 3665 ipsum
590 3583 718 3646 domurn
741 3593 886 3666 venerat,
908 3583 993 3646 filiae
1014 3586 1126 3667 alapas
1148 3586 1245 3649 duxit
1281 3589 1369 3652 Haec

271 3697 378 3750 autem
399 3691 516 3750 iniusta
542 3707 653 3769 poena
681 3690 717 3749 in
741 3690 902 3767 proverbii
931 3692 1193 3755 cousuetudinem
1222 3696 1311 3755 venit
1340 3702 1369 3755 et

269 3794 373 3854 verba
394 3795 425 3854 iu
447 3811 519 3878 curn
548 3781 719 3872 dicuntur,
750 3794 803 3870 qui
830 3811 887 3873 pro
916 3795 1073 3876 beneflcio
1100 3815 1187 3860 noxa
1216 3796 1367 3861 adficitur.

272 3897 362 3959 Dixit
385 3897 555 3960 Chaffafus
576 3895 816 3959 ben-Nodbeh:

224 4103 227 4108 ,
277 4018 547 4120 manationes
571 4064 621 4113 hae
644 4037 773 4129 leguntur
795 4076 901 4126 quoque
924 4063 955 4140 in¹
974 4064 1189 4117 chrestonatnia
1210 4081 1272 4118 mea
1299 4083 1367 4121 nova

361 4179 368 4192 .
441 4158 455 4192 8
474 4181 479 4193 .

289 4225 321 4289 8)
338 4158 370 4274 in
384 4138 496 4276 ιΙιίῖηιιῗεί
512 4236 597 4291 opere
614 4236 675 4274 eam
690 4225 825 4277 Lokmani
841 4239 965 4279 sororem
981 4226 1067 4278 maso
1084 4229 1208 4294 legimus.
1320 4283 1324 4296 ,
