2986 4914
681 287 910 350 ..054-

195 483 198 498 '
244 477 332 548 237.
382 472 450 547 Vir
476 497 544 571 pen
566 494 625 542 res
652 495 735 542 suas
763 467 856 543 duas
882 469 1120 543 minimasest
1146 470 1352 571 perfectus,

282 595 351 658 ltes
365 596 447 657 duae
463 597 610 657 minimae
623 595 686 656 viri
699 613 767 656 eor
780 604 813 657 et
833 595 981 677 lingua
996 603 1088 677 sunt,
1105 615 1188 676 quae
1201 616 1259 659 res
1273 617 1349 661 ma-

244 703 320 766 ximi
348 703 499 765 momenti
529 703 597 764 iure
617 702 783 764 habentur.
810 701 895 764 eous.
919 701 957 764 C.
987 704 1046 786 lll,
1074 704 1117 765 48
1142 717 1271 808 ὅμως
1296 703 1349 804 Οἵ

243 832 296 917 dja·
321 828 361 921 c,l
384 860 436 925 m
445 833 517 923 533>
542 821 683 914 &Mb
706 832 738 885 et
766 823 1033 888 Sabarai-Aldiu.

441 1137 459 1156 ,
502 1139 519 1158 ,
591 1136 609 1154 .
797 1134 819 1175 ε

247 1223 332 1294 238.
383 1219 467 1294 Non
505 1222 652 1294 locutus
693 1245 886 1296 eumcum
915 1199 1353 1324 eo,nisiquemadmo-

380 1342 471 1414 dum
497 1343 615 1442 gallus
641 1367 776 1441 aquam
802 1339 939 1414 sorbet.

329 1467 367 1529 ld
389 1478 463 1531 est:
485 1467 617 1531 Summa
639 1486 712 1530 eum
733 1467 897 1530 eeleritate
918 1467 1048 1531 loeutus
1070 1485 1153 1532 sum.

200 1789 205 1814 .
448 1621 1025 1802 &spelaeum-
1098 1669 1165 1750 ua
1273 1741 1283 1752 ,,

249 1824 333 1896 239·
385 1819 469 1892 Non
496 1819 586 1891 latet
612 1817 684 1890 hoc
710 1817 907 1917 hyaenam.

309 1945 360 2005 De
381 1962 416 2004 ra
437 1944 581 2005 omnibus
602 1951 679 2005 nota
699 1942 826 2025 dieitur,
851 1941 924 2026 quia
945 1940 1074 2024 hyaena
1095 1939 1348 2022 stupidissimum

252 2049 368 2112 animal
390 2067 466 2112 esse
487 2057 627 2131 putatur.

454 2187 510 2210 ue
588 2193 595 2203 .
654 2185 706 2209 ed
748 2188 767 2209 e
832 2175 849 2206 0
870 2186 889 2207 e
1039 2187 1055 2210 u
1076 2188 1092 2209 t

251 2455 335 2528 240.
385 2454 605 2556 Vespertino
641 2457 827 2557 tempore,
861 2483 883 2529 ο
935 2455 1123 2528 Sochailal
1159 2469 1243 2556 post
1284 2453 1356 2528 hoc

380 2578 522 2652 factum
548 2587 612 2653 au't
638 2584 821 2654 matutino
847 2595 1015 2682 tempore
1044 2581 1191 2652 venias!

314 2721 465 2785 Suehaila
485 2742 602 2786 servae
618 2743 733 2786 nomeu
755 2733 833 2800 erat,
858 2741 942 2808 quae
959 2698 1085 2784 bhniiri
1105 2719 1355 2783 ben-Althsarib

253 2827 446 2891 Alahdwani
469 2814 588 2909 pee'ora
606 2801 738 2909 bustum
761 2829 925 2892 educebat.
954 2829 1036 2890 Eam
1057 2827 1209 2888 Ahmirus
1231 2845 1358 2906 semper

254 2933 438 3013 vituperare
458 2933 600 3016 solebat,
628 2934 656 2995 si
685 2955 778 2996 mane
801 2933 993 2996 adveniebat
1018 2951 1159 3015 vespera
1179 2933 1359 2994 advenien-

122 3083 125 3090 .
253 3037 327 3101 dum
358 3057 432 3102 esse
455 3040 575 3122 dicens,
598 3043 647 3103 sin
668 3061 825 3123 vespera,
848 3059 951 3102 mane.
994 3041 1130 3102 Factum
1159 3049 1267 3101 autem
1291 3046 1353 3120 est,

253 3156 289 3208 ut
310 3147 530 3229 Ahmirus,ad
552 3169 657 3232 quem,
674 3151 770 3212 iudex
785 3163 880 3231 ¹quum
903 3156 1001 3230 esset,
1024 3147 1139 3228 duplici
1157 3166 1240 3208 sexu
1261 3165 1358 3226 prae-

256 3252 355 3313 ditum
378 3252 555 3339 homiuem,
583 3266 619 3340 ut
640 3256 680 3317 de
701 3278 739 3318 eo
761 3233 909 3318 iudicium
936 3255 1050 3337 ferret,
1073 3252 1304 3333 adduxissent,
1326 3251 1359 3312 in

254 3360 368 3422 iudicio
390 3361 520 3426 ferendo
543 3365 657 3428 dubius
678 3366 835 3428 haereret.
865 3363 939 3442 Qua
961 3363 993 3424 iu
1014 3379 1114 3423 eausa
1137 3379 1234 3441 quum
1256 3375 1356 3422 serva

254 3467 421 3530 eonsilium
442 3469 580 3550 prudens
602 3471 763 3554 dedisset,
786 3473 816 3533 ei
837 3473 900 3534 ista
923 3470 1024 3531 verba
1045 3466 1125 3530 dixit
1146 3467 1353 3549 signifieatu-

256 3593 332 3656 rus,
363 3595 448 3655 eam,
475 3589 644 3659 postquam
665 3581 768 3660 ipsum
794 3599 813 3639 e
842 3577 934 3639 dubio
956 3576 1141 3656 liberasset,
1171 3575 1203 3635 in
1232 3572 1359 3656 agendo

257 3684 381 3750 omnino
403 3684 534 3747 liberam
556 3705 664 3747 esse·
683 3688 734 3747 De
753 3705 792 3746 eu
814 3682 928 3746 dieitur
948 3683 1165 3765 proverbium,
1188 3683 1240 3763 qui
1262 3682 1361 3748 libere
1457 3733 1460 3742 .

258 3811 278 3854 a
300 3792 424 3853 nemine
445 3790 615 3872 impeditus
636 3793 801 3874 negotium
822 3798 962 3856 trwtare
990 3798 1106 3872 potest

596 3929 680 3975 ’rofi
716 3940 796 3978 >eo
882 3952 901 3972 e

585 3975 679 4085 aad
715 4002 822 4066 sate
857 3973 907 4070 la,
958 3963 1022 4070 'tu

258 4194 342 4272 241.
394 4195 456 4268 Nil
480 4195 570 4270 boni
596 4136 699 4297 apud
725 4216 809 4268 eum
837 4210 900 4268 est.
