3006 4908
671 297 901 368 ..982-

247 490 400 552 Aibaccai
435 503 511 550 esse
550 487 648 566 dixit,
680 485 739 548 sed
769 486 882 548 mulier
914 503 933 545 e
963 493 1063 567 gente
1086 485 1179 547 Airbs
1202 485 1348 567 oriundo,

243 615 326 680 quae
346 596 569 658 advenientem
581 594 804 658 Kirwaschum
824 593 1049 674 cognovisset,
1063 594 1176 656 marito
1197 611 1257 656 suo
1280 611 1351 658 rem

243 705 406 788 patefecit.
439 705 578 767 Maritus
599 703 805 766 Choraimum
827 701 1014 765 ben-Sinon
1035 701 1165 764 fratrem
1191 701 1352 766 'l'haihahi

242 813 410 876 certiorem
438 811 524 873 iecit.
567 807 781 871 Kirwaschus
811 825 850 870 se
878 826 898 870 a
928 809 1060 870 muliere
1089 817 1230 890 egente
1254 810 1352 872 Ahbs

242 918 375 982 oriunda
388 919 551 1002 cognitum
563 927 647 980 esso·
660 915 792 980 audiens
816 915 911 978 dixit:
937 945 1045 982 m
1070 919 1172 987 aaz>
1214 925 1277 1010 μὴ
1301 945 1353 1018 ψ)

245 1043 376 1125 „Saepe
403 1041 514 1102 mulier
540 1037 580 1102 ad
609 1048 739 1122 gentem
768 1039 860 1100 ahos
893 1041 1055 1119 pertinens
1090 1039 1207 1102 malum
1240 1035 1355 1124 tuiit“‚

245 1167 328 1231 quae
362 1147 464 1210 verba
493 1147 524 1208 in
559 1145 719 1227 proverbii
761 1145 1023 1208 consuetudinem
1061 1157 1226 1210 venerunt.
1270 1139 1355 1208 Kir'-

244 1257 397 1320 wascims
417 1264 523 1318 aretem
538 1255 645 1316 Hinno
667 1251 800 1315 traditus
816 1252 1029 1334 occidebatur.
1053 1255 1224 1336 Degebant
1244 1263 1358 1316 autem

244 1363 404 1425 Ahbsitae
433 1378 504 1423 curn
527 1369 625 1442 gente
647 1360 885 1423 Banu-Ahmir
919 1378 1021 1440 usque
1051 1360 1092 1423 od
1113 1368 1257 1446 tempus,
1287 1380 1357 1442 quo

244 1487 325 1552 gens
337 1468 561 1529 Banu-Annuit
573 1467 603 1528 in
618 1475 748 1550 gentem
758 1467 1018 1542 Banu-Dsobjan
1032 1469 1244 1530 incursionem
1263 1469 1357 1531 fecit

245 1581 314 1641 isto
348 1577 430 1638 enim
465 1585 609 1656 tempore
636 1576 735 1637 irater
767 1573 936 1637 Honbadhi
976 1574 1198 1639 Dhabbabitae
1231 1596 1250 1638 a
1282 1579 1358 1640 viro

244 1682 437 1764 Dsobjanita
465 1683 615 1764 captivus
637 1682 743 1744 iactus
772 1690 849 1745 erat.
892 1679 956 1743 Hic
976 1690 1120 1761 tompore
1141 1671 1355 1746 nundinarum

247 1791 382 1854 Ohcatsi
406 1785 522 1856 Iudaeo
549 1790 743 1871 oenopolae‚
766 1788 816 1852 uni
841 1807 882 1850 ex
906 1787 1020 1850 incolis
1046 1789 1198 1851 'l'aimaae
1225 1791 1256 1850 in
1288 1807 1356 1852 cu-

245 1900 383 1964 stodiam
405 1898 538 1961 traditus
561 1907 629 1960 erat
670 1895 809 1960 iudaeus
832 1895 958 1958 domum
980 1905 1147 1960 revertens
1170 1899 1351 1980 captivum,

247 2026 341 2089 quern
362 2005 443 2068 inter
464 2023 584 2067 unxores
606 2023 685 2066 suas
706 2003 883 2085 invenerat,
905 2004 1074 2085 castravit,
1093 2021 1176 2085 qnae
1195 2023 1249 2066 res
1264 2023 1357 2066 mor-

246 2115 288 2178 tis
312 2131 414 2176 causa
436 2113 526 2175 erut:
558 2111 640 2176 Rem
662 2109 796 2174 audiens
819 2109 978 2172 Hinbizus
1000 2119 1130 2192 gentem
1149 2112 1358 2176 Banu-Abba

246 2221 335 2306 adiit,
365 2219 476 2284 dicens
490 2265 500 2300 ,
534 2227 664 2303 gentem
697 2216 864 2281 Giinthfan
898 2217 1027 2279 fratrem
1058 2236 1151 2279 suurn
1180 2217 1355 2297 occidisse,

247 2347 285 2390 se
313 2328 410 2409 igitur
439 2327 478 2388 ab
502 2325 647 2388 Ahbsitis
669 2317 780 2387 coedis
801 2325 950 2388 mulctum
972 2333 1093 2406 petere.
1136 2327 1258 2388 Kaisus
1280 2345 1360 2390 res-

248 2425 376 2505 pondit:
409 2423 530 2487 Manus
560 2443 632 2486 mea
653 2442 727 2487 cum
752 2443 849 2516 manu
878 2433 990 2488 vestra
1020 2435 1071 2512 est
1092 2435 1204 2489 contra
1225 2435 1359 2508 gentem

250 2529 427 2614 Ghothian,
458 2529 517 2593 sed
540 2529 681 2593 Iudaeus
710 2533 872 2613 captivum
911 2548 983 2596 cum
1010 2553 1114 2596 uxore
1139 2553 1197 2596 sua
1226 2533 1361 2595 invonit·

247 2641 407 2704 Hinbizus
421 2650 529 2704 autem
549 2639 643 2702 dixit:
658 2639 702 2702 m
722 2640 749 2702 si
760 2651 879 2702 ventus
901 2661 974 2704 eum
994 2642 1180 2725 occidisset,
1199 2635 1359 2723 proiecto!

250 2746 342 2811 vobis
361 2746 480 2810 mulcta
502 2746 607 2810 danda
623 2755 722 2810 esset.
764 2750 859 2811 Haec
880 2749 1012 2812 audiens
1032 2750 1153 2812 Kaisus
1174 2749 1254 2811 dixit
1266 2747 1360 2832 genti

253 2873 340 2919 suae:
382 2852 467 2917 Date
488 2855 637 2917 mulctam
660 2855 753 2919 etad
776 2865 905 2938 gentem
926 2867 1069 2920 vestram
1093 2860 1147 2938 ite,
1170 2877 1243 2920 nam
1268 2877 1361 2920 mors

250 2963 330 3026 inter
352 2971 482 3046 gentem
506 2961 672 3026 Ghathian
691 2963 801 3026 melior
826 2971 889 3050 est,
911 2984 1006 3046 quarn
1034 2965 1204 3027 vita‘inter
1225 2973 1360 3046 gentem

252 3067 485 3135 Banu-Ahmir.
527 3070 671 3133 Tandem
692 3069 833 3152 ¹utraque
853 3090 929 3152 pars
951 3073 1109 3134 continuis
1136 3073 1264 3153 proeliis
1279 3073 1361 3136 fati-

254 3187 331 3263 gata
348 3177 393 3242 ad
417 3196 531 3260 pacem
553 3198 713 3260 propensa
742 3189 820 3243 erat.
862 3183 899 3243 ln
922 3181 993 3242 loco
1013 3179 1141 3243 Kathan
1166 3179 1276 3282 (obt)
1296 3181 1361 3244 duo

253 3300 303 3363 iiiii
324 3295 462 3381 Bagidhi
483 3297 575 3362 Ahbs
608 3309 640 3362 et
673 3300 817 3381 Dsobjan
849 3303 939 3382 pacis
974 3303 1214 3383 componendae
1258 3322 1361 3366 causa

254 3413 481 3471 convenerunt.
523 3408 571 3469 lbi
601 3427 695 3489 quum
731 3408 898 3470 Hozainns
926 3409 1228 3472 ben-Diramdham
1257 3411 1361 3490 patris

252 3532 363 3618 necem
388 3513 519 3600 ulturus,
543 3522 577 3575 ut
598 3513 774 3576 iuramento
795 3532 855 3574 suo
869 3515 1086 3600 satisfaceret,
1104 3515 1280 3578 Baihanum
1299 3534 1361 3578 cc·

254 3619 399 3704 uidisset,
422 3640 485 3683 non
522 3619 654 3682 multum
688 3622 817 3702 aberat,
853 3615 925 3701 quin
953 3630 1020 3684 tota
1051 3642 1104 3684 res
1134 3623 1222 3684 irrita
1250 3621 1361 3704 fieret3

252 3727 406 3796 Ahbsitae
422 3728 506 3789 enim
518 3727 677 3808 dixerunt,
701 3746 738 3787 se
760 3745 822 3789 non
836 3746 912 3789 esse
933 3748 1045 3809 pacem
1062 3731 1219 3816 facturos,
1242 3751 1361 3814 quam-

252 3833 306 3898 diu
343 3855 429 3897 mare
457 3833 561 3896 lanam
588 3833 744 3913 irrigaret.
788 3832 856 3897 Sed
891 3834 1041 3919 tandem,
1071 3848 1242 3922 postquam
1266 3837 1360 3901 Cha-

255 3941 393 4023 ridjahus
423 3941 605 4003 ben-Sinan
627 3941 726 4002 filium
752 3959 845 4003 suum
875 3942 918 4003 ad
937 3944 1067 4006 fratrem
1098 3946 1198 4007 occisi
1227 3944 1363 4008 duxerat

258 4058 289 4112 ct
307 4049 462 4113 ducentos
484 4049 639 4111 camelos'
663 4067 721 4132 pro
742 4047 806 4112 filio
829 4051 937 4112 occiso
954 4049 984 4110 ei
1010 4050 1138 4113 solvere
1158 4051 1361 4136 promiserat,

264 4198 296 4208 ’Ψ
302 4200 312 4207 ’·
326 4193 534 4212 ἀι’-’.σοί

276 4284 302 4348 1)
321 4279 434 4332 Centum
451 4252 586 4344 aniverso
604 4279 763 4330 diminuebat
782 4278 887 4330 dimidio
905 4277 1019 4342 pretium
1042 4278 1138 4344 religio
1155 4277 1308 4330 lslamitica.
