3012 4908
665 319 895 388 —mss

286 512 364 574 teeti
384 512 448 574 veli
471 508 585 574 domus
607 505 769 586 antiquae,
790 510 946 584 tempore,
969 518 1033 582 quo
1053 500 1186 564 morbus
1208 498 1350 564 Noehah

205 605 214 616 ⁸
286 628 417 701 gentem
439 617 593 702 Djorhom
616 607 812 695 oppressit“.

327 730 468 792 Metram
490 723 673 790 Motakarib
696 728 756 782 est.
778 738 808 798 p.
830 717 902 780 ast.

246 1188 306 1260 59.
355 1182 477 1255 Instar
541 1176 644 1277 agni,
690 1197 817 1273 quem,
869 1169 1090 1270 ubieunque
1135 1167 1367 1280 inclinatum*

352 1305 440 1378 lona
466 1331 486 1376 o
513 1319 613 1376 terra
641 1295 816 1375 custodit.

328 1471 381 1534 De
402 1489 441 1532 eo
463 1459 590 1549 dieitur,
614 1484 709 1547 quern
740 1462 841 1539 omnis
864 1479 937 1544 res,
964 1479 1028 1543 qua
1055 1461 1183 1551 nititur,
1205 1458 1354 1522 sustinet.

246 1576 538 1644 Samaehsoharins
566 1574 651 1636 huno
672 1570 832 1652 proverbii
851 1567 980 1651 legendi
1009 1568 1138 1631 modum
1171 1567 1356 1630 adnotavit:

244 1685 376 1774 03„ss
421 1688 484 1769 &a
523 1683 629 1767 Q
655 1661 769 1775 „33:52
805 1682 888 1760 μη
910 1675 1042 1758 „Instar
1062 1675 1157 1757 agni,
1179 1674 1234 1754 qui
1256 1691 1356 1753 super

245 1815 319 1876 lena
340 1824 377 1867 se
397 1798 535 1868 volvit“.
564 1805 616 1866 De
637 1823 675 1865 eo
697 1800 822 1875 dieitur,
846 1799 900 1879 qui
922 1817 942 1858 a
971 1799 1154 1860 calamitate
1181 1797 1355 1860 incolumis

244 2347 304 2418 60.
355 2347 408 2419 Ut
435 2349 541 2434 eries,
569 2351 634 2449 qui
667 2346 833 2420 cultrum
867 2372 1042 2449 magnum
1079 2361 1115 2416 et
1155 2343 1354 2437 ignitabu-

354 2466 433 2540 lum
461 2485 601 2570 portet.

329 2637 442 2699 Virum
485 2656 522 2699 se
560 2639 697 2701 interitui
741 2658 923 2722 exponere,
961 2637 1133 2720 significat.
1189 2637 1360 2698 Proverbii

246 2745 400 2826 originem
429 2744 525 2807 talem
556 2731 820 2810 fuisse⁰narrant
866 2747 1012 2810 Cosroes
1033 2744 1231 2807 ben-Kobad
1254 2763 1357 2826 regno

243 2849 346 2912 Hirae
370 2860 598 2932 ettenorum,
629 2871 711 2932 quas
732 2848 858 2934 Arabes
880 2855 909 2914 in
933 2852 1077 2914 confiniis
1099 2851 1233 2914 Persiae
1263 2851 1358 2912 inco-

139 3037 144 3050 ἱ
245 2955 366 3038 lebant,
389 2958 569 3020 Ahmruum
593 2959 774 3022 ben-Hind
795 2961 1007 3042 praefecerat.
1050 2960 1113 3021 Hie
1135 2977 1262 3022 summa
1284 2977 1358 3021 eum

245 3065 421 3126 severitate
449 3083 582 3145 regnum
612 3068 749 3129 tenebat.
794 3064 942 3144 Quodam
964 3084 1066 3152 anno,
1091 3085 1186 3146 quum
1208 3065 1355 3130 homines
1438 3047 1451 3072 ⁶

245 3169 286 3232 ob
313 3171 512 3234 sterilitatem
542 3191 667 3237 summa
696 3175 801 3256 inopia
830 3173 1059 3254 adfligerentur
1064 3217 1077 3256 ,
1107 3193 1167 3236 rex
1194 3172 1353 3235 hominum

246 3279 457 3344 obedientiam
498 3289 678 3346 tentaturus
708 3283 839 3345 arietem
868 3282 1051 3361 saginatum
1079 3299 1222 3361 appenso
1257 3283 1358 3344 cultro

245 3406 363 3470 magno
392 3397 424 3450 et
453 3390 625 3471 ignitabulo
656 3390 757 3451 iibere
785 3387 916 3468 dimisit,
950 3395 986 3448 ut
1012 3386 1155 3472 ulderet,
1184 3405 1257 3448 num
1288 3389 1358 3469 quis

245 3504 352 3585 iuopia
387 3481 565 3567 commotos
589 3524 660 3566 eum
696 3513 839 3567 mantare
861 3501 1003 3564 auderet.
1046 3502 1216 3563 Neminem
1252 3501 1358 3562 adhue

246 3609 318 3672 eius
340 3610 500 3673 mactandi
532 3611 647 3691 onpido
676 3611 856 3690 invaserat,
889 3627 984 3688 quum
1015 3607 1055 3670 ad
1085 3617 1215 3690 gentem
1244 3609 1356 3669 Bann-

245 3717 399 3779 leseheor
422 3717 582 3779 transiret.
604 3717 663 3779 Vir
691 3716 818 3796 quidam
840 3715 987 3776 Ahlbaus
1008 3716 1215 3777 ben-Arkam
1238 3715 1356 3777 losch-

248 3825 351 3887 eorita
372 3823 465 3885 dixit:
509 3823 582 3904 Ego
613 3821 746 3882 arietem
775 3823 860 3883 hune
884 3823 1008 3903 capiam
1031 3831 1062 3882 ot
1083 3821 1186 3884 edam.
1230 3824 1290 3885 His
1316 3822 1357 3884 de

246 3933 355 3994 verbis
390 3951 410 3994 a
441 3932 540 3993 sociis
570 3931 769 4011 vituperatus
798 3931 934 3992 animum
973 3950 1035 3992 non
1074 3929 1200 4010 abjecit.
1245 3932 1359 3992 Senex

245 4037 329 4100 haee
350 4037 482 4100 audiens
505 4038 598 4101 dixit:
641 4037 733 4142 ῥωι
768 4051 871 4111 ,σιω
898 4038 978 4138 055,
1012 4037 1099 4136 drmit
1125 4049 1229 4110 „aas
1255 4035 1357 4106 ΜΗ

201 4149 207 4157 ’
244 4163 324 4246 „Tu
350 4165 464 4225 noxius
487 4166 566 4244 eris5
588 4161 647 4223 sed
670 4181 732 4224 non
754 4155 816 4224 eris
840 4138 961 4244 utilis“,
985 4180 1069 4244 quae
1097 4163 1198 4224 uerba
1227 4164 1257 4222 in
1282 4179 1358 4242 pro-

234 4247 348 4358 xneritii
395 4270 656 4336 consuetudinem
693 4251 858 4332 venerunt.
903 4269 993 4332 Alius
1030 4270 1157 4351 qtridam
1187 4272 1217 4331 ei
1260 4269 1358 4332 dixit:
