<?xml version="1.0" encoding="UTF-8"?>
<!DOCTYPE html PUBLIC "-//W3C//DTD XHTML 1.0 Transitional//EN"
    "http://www.w3.org/TR/xhtml1/DTD/xhtml1-transitional.dtd">
<html xmlns="http://www.w3.org/1999/xhtml" xml:lang="en" lang="en">
 <head>
  <title>
</title>
<meta http-equiv="Content-Type" content="text/html;charset=utf-8" />
  <meta name='ocr-system' content='tesseract 3.04.00' />
  <meta name='ocr-capabilities' content='ocr_page ocr_carea ocr_par ocr_line ocrx_word'/>
</head>
<body>
  <div class='ocr_page' id='page_1' title='image "./arabumproverbia00alfgoog_0482.png"; bbox 0 0 3024 4912; ppageno 0'>
   <div class='ocr_carea' id='block_1_1' title="bbox 320 237 1083 727">
    <p class='ocr_par' dir='ltr' id='par_1_1' title="bbox 320 237 1083 727">
     <span class='ocr_line' id='line_1_1' title="bbox 608 237 840 388; baseline -0.004 -16"><span class='ocrx_word' id='word_1_1' title='bbox 608 237 840 388; x_wconf 24' lang='lat'><strong>&amp;155¹-</strong></span> 
     </span>
     <span class='ocr_line' id='line_1_2' title="bbox 320 529 1083 727; baseline 0.004 -67"><span class='ocrx_word' id='word_1_2' title='bbox 320 529 664 727; x_wconf 23' lang='lat' dir='ltr'><strong>tram&amp;</strong></span> <span class='ocrx_word' id='word_1_3' title='bbox 699 530 956 698; x_wconf 48' lang='lat' dir='ltr'><strong>niisssj&#39;i</strong></span> <span class='ocrx_word' id='word_1_4' title='bbox 1028 585 1083 664; x_wconf 70' lang='lat' dir='ltr'><strong>ia</strong></span> 
     </span>
    </p>
   </div>
   <div class='ocr_carea' id='block_1_2' title="bbox 181 783 1287 990">
    <p class='ocr_par' dir='ltr' id='par_1_2' title="bbox 181 783 1287 990">
     <span class='ocr_line' id='line_1_3' title="bbox 181 783 1287 891; baseline 0.005 -36"><span class='ocrx_word' id='word_1_5' title='bbox 181 789 267 856; x_wconf 78' lang='lat'><strong>205.</strong></span> <span class='ocrx_word' id='word_1_6' title='bbox 319 785 356 858; x_wconf 76' lang='lat' dir='ltr'><strong>si</strong></span> <span class='ocrx_word' id='word_1_7' title='bbox 384 786 464 874; x_wconf 89' lang='lat' dir='ltr'><strong>alia,</strong></span> <span class='ocrx_word' id='word_1_8' title='bbox 492 813 605 891; x_wconf 89' lang='lat' dir='ltr'><strong>qnam</strong></span> <span class='ocrx_word' id='word_1_9' title='bbox 630 783 775 862; x_wconf 79' lang='lat' dir='ltr'><strong>armilla</strong></span> <span class='ocrx_word' id='word_1_10' title='bbox 810 800 940 862; x_wconf 86' lang='lat' dir='ltr'><strong>ornata</strong></span> <span class='ocrx_word' id='word_1_11' title='bbox 974 785 1172 888; x_wconf 81' lang='lat' dir='ltr'>colaphum</span> <span class='ocrx_word' id='word_1_12' title='bbox 1198 785 1287 861; x_wconf 83' lang='lat' dir='ltr'><strong>milri</strong></span> 
     </span>
     <span class='ocr_line' id='line_1_4' title="bbox 322 903 892 990; baseline 0.009 -11"><span class='ocrx_word' id='word_1_13' title='bbox 322 907 497 990; x_wconf 80' lang='lat' dir='ltr'><strong>duxisset.</strong></span> <span class='ocrx_word' id='word_1_14' title='bbox 886 903 892 911; x_wconf 38' lang='lat'>⁸</span> 
     </span>
    </p>
   </div>
   <div class='ocr_carea' id='block_1_3' title="bbox 222 1019 1392 1140">
    <p class='ocr_par' dir='ltr' id='par_1_3' title="bbox 222 1019 1392 1140">
     <span class='ocr_line' id='line_1_5' title="bbox 222 1019 1392 1140; baseline 0.007 -25"><span class='ocrx_word' id='word_1_15' title='bbox 222 1093 226 1098; x_wconf 91' lang='lat'><em>-</em></span> <span class='ocrx_word' id='word_1_16' title='bbox 266 1053 455 1119; x_wconf 85' lang='lat' dir='ltr'><strong>Haemode</strong></span> <span class='ocrx_word' id='word_1_17' title='bbox 483 1057 693 1124; x_wconf 85' lang='lat' dir='ltr'><strong>Alaz&#39;mitihus</strong></span> <span class='ocrx_word' id='word_1_18' title='bbox 726 1057 928 1138; x_wconf 86' lang='lat' dir='ltr'><strong>proverbium</strong></span> <span class='ocrx_word' id='word_1_19' title='bbox 949 1019 1070 1120; x_wconf 85' lang='lat' dir='ltr'><strong>retulit.¹</strong></span> <span class='ocrx_word' id='word_1_20' title='bbox 1089 1027 1173 1121; x_wconf 82' lang='lat' dir='ltr'><strong>enni.</strong></span> <span class='ocrx_word' id='word_1_21' title='bbox 1195 1077 1289 1140; x_wconf 79' lang='lat' dir='ltr'><strong>prov,</strong></span> <span class='ocrx_word' id='word_1_22' title='bbox 1383 1038 1392 1054; x_wconf 24' lang='grc' dir='ltr'>κ</span> 
     </span>
    </p>
   </div>
   <div class='ocr_carea' id='block_1_4' title="bbox 76 1163 1290 1244">
    <p class='ocr_par' dir='ltr' id='par_1_4' title="bbox 76 1163 1290 1244">
     <span class='ocr_line' id='line_1_6' title="bbox 76 1163 1290 1244; baseline 0.003 -21"><span class='ocrx_word' id='word_1_23' title='bbox 76 1171 82 1174; x_wconf 80' lang='grc'><strong>’</strong></span> <span class='ocrx_word' id='word_1_24' title='bbox 186 1167 213 1223; x_wconf 90' lang='grc'><strong>1.</strong></span> <span class='ocrx_word' id='word_1_25' title='bbox 246 1163 398 1225; x_wconf 82' lang='lat' dir='ltr'><strong>llatimus</strong></span> <span class='ocrx_word' id='word_1_26' title='bbox 440 1163 581 1244; x_wconf 82' lang='lat' dir='ltr'><strong>&#39;lhajjita</strong></span> <span class='ocrx_word' id='word_1_27' title='bbox 618 1164 687 1242; x_wconf 83' lang='lat' dir='ltr'><strong>(sie</strong></span> <span class='ocrx_word' id='word_1_28' title='bbox 713 1169 858 1233; x_wconf 85' lang='lat' dir='ltr'><strong>narrant)</strong></span> <span class='ocrx_word' id='word_1_29' title='bbox 887 1181 985 1243; x_wconf 89' lang='lat' dir='ltr'><strong>quum</strong></span> <span class='ocrx_word' id='word_1_30' title='bbox 1008 1165 1157 1227; x_wconf 73' lang='lat' dir='ltr'><strong>transiret</strong></span> <span class='ocrx_word' id='word_1_31' title='bbox 1178 1183 1290 1228; x_wconf 82' lang='lat' dir='ltr'><strong>mense</strong></span> 
     </span>
    </p>
   </div>
   <div class='ocr_carea' id='block_1_5' title="bbox 131 1261 1382 2098">
    <p class='ocr_par' dir='ltr' id='par_1_5' title="bbox 131 1261 1382 2098">
     <span class='ocr_line' id='line_1_7' title="bbox 183 1261 1290 1352; baseline 0.001 -21"><span class='ocrx_word' id='word_1_32' title='bbox 183 1269 326 1333; x_wconf 83' lang='lat' dir='ltr'><strong>aamoad</strong></span> <span class='ocrx_word' id='word_1_33' title='bbox 337 1279 468 1352; x_wconf 79' lang='lat' dir='ltr'>gentem</span> <span class='ocrx_word' id='word_1_34' title='bbox 478 1271 624 1350; x_wconf 84' lang='lat' dir='ltr'><strong>Ahnsuh,</strong></span> <span class='ocrx_word' id='word_1_35' title='bbox 646 1289 708 1335; x_wconf 80' lang='lat' dir='ltr'><strong>sue</strong></span> <span class='ocrx_word' id='word_1_36' title='bbox 728 1270 920 1350; x_wconf 73' lang='lat' dir='ltr'><strong>cognomine</strong></span> <span class='ocrx_word' id='word_1_37' title='bbox 941 1261 1208 1334; x_wconf 70' lang='lat' dir='ltr'><strong>Abu-Saffanair</strong></span> <span class='ocrx_word' id='word_1_38' title='bbox 1228 1269 1290 1333; x_wconf 90' lang='lat' dir='ltr'><strong>ad-</strong></span> 
     </span>
     <span class='ocr_line' id='line_1_8' title="bbox 183 1373 1292 1459; baseline 0 -21"><span class='ocrx_word' id='word_1_39' title='bbox 183 1385 321 1438; x_wconf 84' lang='lat' dir='ltr'><strong>vocatus</strong></span> <span class='ocrx_word' id='word_1_40' title='bbox 343 1377 520 1457; x_wconf 82' lang='lat' dir='ltr'><strong>captivum,</strong></span> <span class='ocrx_word' id='word_1_41' title='bbox 542 1376 587 1437; x_wconf 88' lang='lat' dir='ltr'><strong>ita</strong></span> <span class='ocrx_word' id='word_1_42' title='bbox 599 1383 635 1435; x_wconf 90' lang='lat' dir='ltr'><strong>ut</strong></span> <span class='ocrx_word' id='word_1_43' title='bbox 648 1393 685 1435; x_wconf 85' lang='lat' dir='ltr'><strong>sa</strong></span> <span class='ocrx_word' id='word_1_44' title='bbox 705 1375 810 1454; x_wconf 72' lang='lat' dir='ltr'><strong>ipsum</strong></span> <span class='ocrx_word' id='word_1_45' title='bbox 831 1373 970 1440; x_wconf 67' lang='lat' dir='ltr'><strong>mnemia</strong></span> <span class='ocrx_word' id='word_1_46' title='bbox 980 1373 1132 1459; x_wconf 81' lang='lat' dir='ltr'><strong>traderet,</strong></span> <span class='ocrx_word' id='word_1_47' title='bbox 1148 1376 1292 1439; x_wconf 80' lang='lat' dir='ltr'><strong>redemit</strong></span> 
     </span>
     <span class='ocr_line' id='line_1_9' title="bbox 131 1482 1288 1562; baseline 0.004 -17"><span class='ocrx_word' id='word_1_48' title='bbox 131 1493 138 1504; x_wconf 87' lang='lat'><strong>·</strong></span> <span class='ocrx_word' id='word_1_49' title='bbox 185 1483 347 1562; x_wconf 85' lang='lat' dir='ltr'><strong>Captivus</strong></span> <span class='ocrx_word' id='word_1_50' title='bbox 370 1490 477 1548; x_wconf 85' lang='lat' dir='ltr'><strong>autem</strong></span> <span class='ocrx_word' id='word_1_51' title='bbox 499 1482 650 1546; x_wconf 89' lang='lat' dir='ltr'><strong>Hatimus</strong></span> <span class='ocrx_word' id='word_1_52' title='bbox 671 1482 837 1556; x_wconf 80' lang='lat' dir='ltr'><strong>camelum,</strong></span> <span class='ocrx_word' id='word_1_53' title='bbox 860 1499 953 1562; x_wconf 87' lang='lat' dir='ltr'><strong>quam</strong></span> <span class='ocrx_word' id='word_1_54' title='bbox 975 1483 1084 1549; x_wconf 74' lang='lat' dir='ltr'><strong>mulier</strong></span> <span class='ocrx_word' id='word_1_55' title='bbox 1106 1491 1140 1547; x_wconf 90' lang='lat' dir='ltr'><strong>ut</strong></span> <span class='ocrx_word' id='word_1_56' title='bbox 1161 1503 1180 1544; x_wconf 91' lang='lat' dir='ltr'><strong>e</strong></span> <span class='ocrx_word' id='word_1_57' title='bbox 1201 1501 1288 1550; x_wconf 78' lang='lat' dir='ltr'><strong>vana</strong></span> 
     </span>
     <span class='ocr_line' id='line_1_10' title="bbox 184 1585 1294 1674; baseline -0.004 -22"><span class='ocrx_word' id='word_1_58' title='bbox 184 1590 373 1674; x_wconf 84' lang='lat' dir='ltr'><strong>sanguinem</strong></span> <span class='ocrx_word' id='word_1_59' title='bbox 413 1587 614 1670; x_wconf 82' lang='lat' dir='ltr'><strong>extraheret,</strong></span> <span class='ocrx_word' id='word_1_60' title='bbox 651 1585 846 1666; x_wconf 77' lang='lat' dir='ltr'><strong>adduxerat,</strong></span> <span class='ocrx_word' id='word_1_61' title='bbox 870 1587 1037 1674; x_wconf 86' lang='lat' dir='ltr'><strong>iugulavit.</strong></span> <span class='ocrx_word' id='word_1_62' title='bbox 1087 1588 1204 1650; x_wconf 88' lang='lat' dir='ltr'><strong>Mulier</strong></span> <span class='ocrx_word' id='word_1_63' title='bbox 1230 1588 1294 1649; x_wconf 79' lang='lat' dir='ltr'><strong>liae</strong></span> 
     </span>
     <span class='ocr_line' id='line_1_11' title="bbox 184 1684 1293 1774; baseline -0.001 -16"><span class='ocrx_word' id='word_1_64' title='bbox 184 1696 224 1758; x_wconf 91' lang='lat' dir='ltr'><strong>de</strong></span> <span class='ocrx_word' id='word_1_65' title='bbox 255 1714 354 1758; x_wconf 84' lang='lat' dir='ltr'><strong>eausa</strong></span> <span class='ocrx_word' id='word_1_66' title='bbox 382 1684 586 1774; x_wconf 74' lang='lat' dir='ltr'><strong>irata&#39;quum</strong></span> <span class='ocrx_word' id='word_1_67' title='bbox 617 1695 646 1755; x_wconf 91' lang='lat' dir='ltr'><strong>ei</strong></span> <span class='ocrx_word' id='word_1_68' title='bbox 675 1693 830 1774; x_wconf 75' lang='lat' dir='ltr'><strong>colaphos</strong></span> <span class='ocrx_word' id='word_1_69' title='bbox 866 1691 1018 1774; x_wconf 83' lang='lat' dir='ltr'><strong>duceret,</strong></span> <span class='ocrx_word' id='word_1_70' title='bbox 1047 1694 1198 1755; x_wconf 83' lang='lat' dir='ltr'><strong>Hatimus</strong></span> <span class='ocrx_word' id='word_1_71' title='bbox 1230 1695 1293 1757; x_wconf 79' lang='lat' dir='ltr'><strong>ista</strong></span> 
     </span>
     <span class='ocr_line' id='line_1_12' title="bbox 184 1799 1382 1888; baseline -0.004 -21"><span class='ocrx_word' id='word_1_72' title='bbox 184 1803 344 1888; x_wconf 81' lang='lat' dir='ltr'><strong>proverbii</strong></span> <span class='ocrx_word' id='word_1_73' title='bbox 372 1803 473 1864; x_wconf 88' lang='lat' dir='ltr'><strong>verba</strong></span> <span class='ocrx_word' id='word_1_74' title='bbox 496 1801 574 1862; x_wconf 82' lang='lat' dir='ltr'><strong>dixit</strong></span> <span class='ocrx_word' id='word_1_75' title='bbox 603 1799 812 1880; x_wconf 80' lang='lat' dir='ltr'><strong>iudicaturus,</strong></span> <span class='ocrx_word' id='word_1_76' title='bbox 837 1821 892 1882; x_wconf 74' lang='lat' dir='ltr'><strong>se,</strong></span> <span class='ocrx_word' id='word_1_77' title='bbox 916 1802 976 1862; x_wconf 87' lang='lat' dir='ltr'><strong>nisi</strong></span> <span class='ocrx_word' id='word_1_78' title='bbox 998 1802 1071 1862; x_wconf 85' lang='lat' dir='ltr'><strong>tulis</strong></span> <span class='ocrx_word' id='word_1_79' title='bbox 1093 1803 1156 1863; x_wconf 77' lang='lat' dir='ltr'><strong>ista</strong></span> <span class='ocrx_word' id='word_1_80' title='bbox 1178 1803 1291 1864; x_wconf 85' lang='lat' dir='ltr'><strong>mulier</strong></span> <span class='ocrx_word' id='word_1_81' title='bbox 1377 1873 1382 1880; x_wconf 25' lang='grc' dir='ltr'>ι</span> 
     </span>
     <span class='ocr_line' id='line_1_13' title="bbox 185 1905 1293 1990; baseline -0.005 -17"><span class='ocrx_word' id='word_1_82' title='bbox 185 1911 315 1990; x_wconf 81' lang='lat' dir='ltr'><strong>luisset,</strong></span> <span class='ocrx_word' id='word_1_83' title='bbox 334 1929 354 1971; x_wconf 91' lang='lat' dir='ltr'><strong>a</strong></span> <span class='ocrx_word' id='word_1_84' title='bbox 373 1907 560 1969; x_wconf 87' lang='lat' dir='ltr'><strong>mulieribus</strong></span> <span class='ocrx_word' id='word_1_85' title='bbox 574 1905 809 1967; x_wconf 81' lang='lat' dir='ltr'><strong>vindicaturum</strong></span> <span class='ocrx_word' id='word_1_86' title='bbox 827 1924 910 1968; x_wconf 85' lang='lat' dir='ltr'><strong>esse.</strong></span> <span class='ocrx_word' id='word_1_87' title='bbox 927 1905 1033 1984; x_wconf 83' lang='lat' dir='ltr'><strong>Quum</strong></span> <span class='ocrx_word' id='word_1_88' title='bbox 1046 1914 1152 1968; x_wconf 90' lang='lat' dir='ltr'><strong>autem</strong></span> <span class='ocrx_word' id='word_1_89' title='bbox 1176 1907 1293 1988; x_wconf 80' lang='lat' dir='ltr'><strong>engui-</strong></span> 
     </span>
     <span class='ocr_line' id='line_1_14' title="bbox 184 2013 1100 2098; baseline -0.009 -18"><span class='ocrx_word' id='word_1_90' title='bbox 184 2027 242 2080; x_wconf 84' lang='lat' dir='ltr'><strong>tua</strong></span> <span class='ocrx_word' id='word_1_91' title='bbox 264 2025 362 2098; x_wconf 68' lang='lat' dir='ltr'><strong>esset,</strong></span> <span class='ocrx_word' id='word_1_92' title='bbox 386 2033 505 2096; x_wconf 74' lang='lat' dir='ltr'><strong>magam</strong></span> <span class='ocrx_word' id='word_1_93' title='bbox 524 2014 628 2094; x_wconf 78' lang='lat' dir='ltr'><strong>pretia</strong></span> <span class='ocrx_word' id='word_1_94' title='bbox 650 2033 669 2073; x_wconf 92' lang='lat' dir='ltr'><strong>e</strong></span> <span class='ocrx_word' id='word_1_95' title='bbox 690 2013 878 2092; x_wconf 77' lang='lat' dir='ltr'><strong>captivitate</strong></span> <span class='ocrx_word' id='word_1_96' title='bbox 899 2031 938 2073; x_wconf 78' lang='lat' dir='ltr'><strong>re</strong></span> <span class='ocrx_word' id='word_1_97' title='bbox 957 2013 1100 2075; x_wconf 84' lang='lat' dir='ltr'><strong>redemit.</strong></span> 
     </span>
    </p>
   </div>
   <div class='ocr_carea' id='block_1_6' title="bbox 506 2145 1003 2351">
    <p class='ocr_par' dir='ltr' id='par_1_6' title="bbox 506 2145 1003 2351">
     <span class='ocr_line' id='line_1_15' title="bbox 506 2145 1003 2351; baseline 0.006 -62"><span class='ocrx_word' id='word_1_98' title='bbox 506 2145 607 2336; x_wconf 51' lang='lat' dir='ltr'><strong>ini</strong></span> <span class='ocrx_word' id='word_1_99' title='bbox 632 2169 755 2351; x_wconf 50' lang='lat' dir='ltr'><strong>itia⁸</strong></span> <span class='ocrx_word' id='word_1_100' title='bbox 772 2196 879 2310; x_wconf 65' lang='lat' dir='ltr'><strong>aas</strong></span> <span class='ocrx_word' id='word_1_101' title='bbox 952 2210 1003 2294; x_wconf 77' lang='lat' dir='ltr'><strong>tt</strong></span> 
     </span>
    </p>
   </div>
   <div class='ocr_carea' id='block_1_7' title="bbox 188 2425 917 2506">
    <p class='ocr_par' dir='ltr' id='par_1_7' title="bbox 188 2425 917 2506">
     <span class='ocr_line' id='line_1_16' title="bbox 188 2425 917 2506; baseline -0.007 -4"><span class='ocrx_word' id='word_1_102' title='bbox 188 2432 272 2505; x_wconf 79' lang='lat'><strong>206.</strong></span> <span class='ocrx_word' id='word_1_103' title='bbox 330 2429 488 2500; x_wconf 83' lang='lat' dir='ltr'><strong>Occurri</strong></span> <span class='ocrx_word' id='word_1_104' title='bbox 516 2431 547 2498; x_wconf 85' lang='lat' dir='ltr'><strong>ei</strong></span> <span class='ocrx_word' id='word_1_105' title='bbox 574 2426 687 2499; x_wconf 88' lang='lat' dir='ltr'><strong>modo</strong></span> <span class='ocrx_word' id='word_1_106' title='bbox 714 2425 917 2506; x_wconf 73' lang='lat' dir='ltr'><strong>Pleiadum.</strong></span> 
     </span>
    </p>
   </div>
   <div class='ocr_carea' id='block_1_8' title="bbox 191 2557 1298 2756">
    <p class='ocr_par' dir='ltr' id='par_1_8' title="bbox 191 2557 1298 2756">
     <span class='ocr_line' id='line_1_17' title="bbox 263 2557 1297 2641; baseline -0.002 -20"><span class='ocrx_word' id='word_1_107' title='bbox 263 2559 388 2622; x_wconf 83' lang='lat' dir='ltr'><strong>idest:</strong></span> <span class='ocrx_word' id='word_1_108' title='bbox 410 2560 520 2622; x_wconf 83' lang='lat' dir='ltr'><strong>Semel</strong></span> <span class='ocrx_word' id='word_1_109' title='bbox 542 2578 599 2640; x_wconf 89' lang='lat' dir='ltr'><strong>per</strong></span> <span class='ocrx_word' id='word_1_110' title='bbox 617 2567 774 2641; x_wconf 73' lang='lat' dir='ltr'><strong>meuserit,</strong></span> <span class='ocrx_word' id='word_1_111' title='bbox 797 2559 883 2640; x_wconf 89' lang='lat' dir='ltr'><strong>quod</strong></span> <span class='ocrx_word' id='word_1_112' title='bbox 903 2559 976 2620; x_wconf 93' lang='lat' dir='ltr'><strong>luna</strong></span> <span class='ocrx_word' id='word_1_113' title='bbox 1002 2557 1104 2624; x_wconf 84' lang='lat' dir='ltr'><strong>semel</strong></span> <span class='ocrx_word' id='word_1_114' title='bbox 1126 2575 1183 2638; x_wconf 82' lang='lat' dir='ltr'><strong>per</strong></span> <span class='ocrx_word' id='word_1_115' title='bbox 1202 2577 1297 2619; x_wconf 91' lang='lat' dir='ltr'><strong>men-</strong></span> 
     </span>
     <span class='ocr_line' id='line_1_18' title="bbox 191 2662 1298 2756; baseline -0.003 -28"><span class='ocrx_word' id='word_1_116' title='bbox 191 2685 260 2728; x_wconf 85' lang='lat' dir='ltr'><strong>sem</strong></span> <span class='ocrx_word' id='word_1_117' title='bbox 275 2668 306 2727; x_wconf 90' lang='lat' dir='ltr'><strong>iu</strong></span> <span class='ocrx_word' id='word_1_118' title='bbox 327 2665 493 2732; x_wconf 84' lang='lat' dir='ltr'><strong>Pleiadum</strong></span> <span class='ocrx_word' id='word_1_119' title='bbox 515 2666 655 2756; x_wconf 85' lang='lat' dir='ltr'><strong>statione</strong></span> <span class='ocrx_word' id='word_1_120' title='bbox 676 2671 736 2726; x_wconf 75' lang='lat' dir='ltr'><strong>est.</strong></span> <span class='ocrx_word' id='word_1_121' title='bbox 778 2665 947 2730; x_wconf 84' lang='lat' dir='ltr'><strong>Vocabulo</strong></span> <span class='ocrx_word' id='word_1_122' title='bbox 968 2665 1056 2732; x_wconf 57' lang='lat' dir='ltr'><strong>altae</strong></span> <span class='ocrx_word' id='word_1_123' title='bbox 1077 2669 1186 2738; x_wconf 70' lang='lat' dir='ltr'><strong>autem</strong></span> <span class='ocrx_word' id='word_1_124' title='bbox 1209 2662 1298 2725; x_wconf 83' lang='lat' dir='ltr'><strong>dulor</strong></span> 
     </span>
    </p>
   </div>
   <div class='ocr_carea' id='block_1_9' title="bbox 190 2783 1298 2979">
    <p class='ocr_par' dir='ltr' id='par_1_9' title="bbox 190 2783 1298 2979">
     <span class='ocr_line' id='line_1_19' title="bbox 191 2783 1298 2872; baseline -0.002 -22"><span class='ocrx_word' id='word_1_125' title='bbox 191 2790 298 2851; x_wconf 88' lang='lat' dir='ltr'><strong>aliave</strong></span> <span class='ocrx_word' id='word_1_126' title='bbox 318 2808 390 2872; x_wconf 78' lang='lat' dir='ltr'><strong>res,</strong></span> <span class='ocrx_word' id='word_1_127' title='bbox 413 2809 494 2870; x_wconf 91' lang='lat' dir='ltr'><strong>quae</strong></span> <span class='ocrx_word' id='word_1_128' title='bbox 525 2797 614 2851; x_wconf 89' lang='lat' dir='ltr'><strong>eerto</strong></span> <span class='ocrx_word' id='word_1_129' title='bbox 646 2789 799 2868; x_wconf 85' lang='lat' dir='ltr'><strong>temporis</strong></span> <span class='ocrx_word' id='word_1_130' title='bbox 821 2787 925 2868; x_wconf 88' lang='lat' dir='ltr'><strong>spatio</strong></span> <span class='ocrx_word' id='word_1_131' title='bbox 947 2783 988 2849; x_wconf 90' lang='lat' dir='ltr'><strong>ad</strong></span> <span class='ocrx_word' id='word_1_132' title='bbox 1011 2784 1172 2848; x_wconf 86' lang='lat' dir='ltr'><strong>homiuem</strong></span> <span class='ocrx_word' id='word_1_133' title='bbox 1195 2785 1298 2867; x_wconf 86' lang='lat' dir='ltr'><strong>redit,</strong></span> 
     </span>
     <span class='ocr_line' id='line_1_20' title="bbox 190 2893 886 2979; baseline 0.001 -20"><span class='ocrx_word' id='word_1_134' title='bbox 190 2895 398 2979; x_wconf 77' lang='lat' dir='ltr'><strong>significatur.</strong></span> <span class='ocrx_word' id='word_1_135' title='bbox 428 2893 512 2956; x_wconf 87' lang='lat' dir='ltr'><strong>eouf.</strong></span> <span class='ocrx_word' id='word_1_136' title='bbox 534 2894 627 2956; x_wconf 90' lang='lat' dir='ltr'><strong>Kam.</strong></span> <span class='ocrx_word' id='word_1_137' title='bbox 654 2893 707 2975; x_wconf 90' lang='lat' dir='ltr'><strong>Dj.</strong></span> <span class='ocrx_word' id='word_1_138' title='bbox 726 2913 752 2956; x_wconf 85' lang='lat' dir='ltr'><strong>s.</strong></span> <span class='ocrx_word' id='word_1_139' title='bbox 774 2914 807 2955; x_wconf 83' lang='lat' dir='ltr'><strong>v.</strong></span> <span class='ocrx_word' id='word_1_140' title='bbox 830 2895 886 2960; x_wconf 63' lang='grc' dir='ltr'><strong>(λε</strong></span> 
     </span>
    </p>
   </div>
   <div class='ocr_carea' id='block_1_10' title="bbox 193 3279 1300 3490">
    <p class='ocr_par' dir='ltr' id='par_1_10' title="bbox 193 3279 1300 3490">
     <span class='ocr_line' id='line_1_21' title="bbox 193 3279 1300 3390; baseline 0 -27"><span class='ocrx_word' id='word_1_141' title='bbox 193 3299 275 3371; x_wconf 79' lang='lat'><strong>207.</strong></span> <span class='ocrx_word' id='word_1_142' title='bbox 327 3290 530 3366; x_wconf 84' lang='lat' dir='ltr'><strong>Profectoi</strong></span> <span class='ocrx_word' id='word_1_143' title='bbox 556 3292 633 3365; x_wconf 90' lang='lat' dir='ltr'><strong>lam</strong></span> <span class='ocrx_word' id='word_1_144' title='bbox 667 3279 850 3363; x_wconf 62' lang='lat' dir='ltr'><strong>adflictus</strong></span> <span class='ocrx_word' id='word_1_145' title='bbox 876 3314 913 3362; x_wconf 86' lang='lat' dir='ltr'><strong>es</strong></span> <span class='ocrx_word' id='word_1_146' title='bbox 941 3313 1008 3390; x_wconf 87' lang='lat' dir='ltr'><strong>per·</strong></span> <span class='ocrx_word' id='word_1_147' title='bbox 1035 3286 1161 3377; x_wconf 87' lang='lat' dir='ltr'><strong>alium,</strong></span> <span class='ocrx_word' id='word_1_148' title='bbox 1183 3313 1300 3390; x_wconf 83' lang='lat' dir='ltr'><strong>quum</strong></span> 
     </span>
     <span class='ocr_line' id='line_1_22' title="bbox 327 3418 1257 3490; baseline 0 -2"><span class='ocrx_word' id='word_1_149' title='bbox 327 3418 524 3490; x_wconf 85' lang='lat' dir='ltr'><strong>inermeml</strong></span> <span class='ocrx_word' id='word_1_150' title='bbox 1250 3421 1257 3439; x_wconf 68' lang='lat'>⁸</span> 
     </span>
    </p>
   </div>
   <div class='ocr_carea' id='block_1_11' title="bbox 123 3539 1302 3756">
    <p class='ocr_par' dir='ltr' id='par_1_11' title="bbox 123 3539 1302 3756">
     <span class='ocr_line' id='line_1_23' title="bbox 276 3539 1301 3624; baseline -0.007 -12"><span class='ocrx_word' id='word_1_151' title='bbox 276 3549 391 3612; x_wconf 89' lang='lat' dir='ltr'><strong>Parem</strong></span> <span class='ocrx_word' id='word_1_152' title='bbox 422 3549 478 3611; x_wconf 91' lang='lat' dir='ltr'><strong>tibi</strong></span> <span class='ocrx_word' id='word_1_153' title='bbox 508 3549 668 3612; x_wconf 84' lang='lat' dir='ltr'><strong>invenisti.</strong></span> <span class='ocrx_word' id='word_1_154' title='bbox 712 3547 777 3608; x_wconf 85' lang='lat' dir='ltr'><strong>Hie</strong></span> <span class='ocrx_word' id='word_1_155' title='bbox 810 3563 888 3606; x_wconf 89' lang='lat' dir='ltr'><strong>vern</strong></span> <span class='ocrx_word' id='word_1_156' title='bbox 916 3539 1064 3624; x_wconf 87' lang='lat' dir='ltr'><strong>loquendi</strong></span> <span class='ocrx_word' id='word_1_157' title='bbox 1094 3541 1209 3606; x_wconf 82' lang='lat' dir='ltr'><strong>modus</strong></span> <span class='ocrx_word' id='word_1_158' title='bbox 1236 3562 1301 3605; x_wconf 88' lang='lat' dir='ltr'><strong>nnn</strong></span> 
     </span>
     <span class='ocr_line' id='line_1_24' title="bbox 123 3645 1302 3756; baseline -0.008 -37"><span class='ocrx_word' id='word_1_159' title='bbox 123 3721 127 3728; x_wconf 79' lang='grc'><strong>,</strong></span> <span class='ocrx_word' id='word_1_160' title='bbox 195 3657 327 3722; x_wconf 89' lang='lat' dir='ltr'><strong>multum</strong></span> <span class='ocrx_word' id='word_1_161' title='bbox 345 3654 450 3720; x_wconf 84' lang='lat' dir='ltr'><strong>differt</strong></span> <span class='ocrx_word' id='word_1_162' title='bbox 472 3655 513 3720; x_wconf 85' lang='lat' dir='ltr'><strong>ab</strong></span> <span class='ocrx_word' id='word_1_163' title='bbox 524 3655 592 3716; x_wconf 88' lang='lat' dir='ltr'><strong>illo:</strong></span> <span class='ocrx_word' id='word_1_164' title='bbox 613 3649 703 3753; x_wconf 49' lang='lat' dir='ltr'><strong>besti</strong></span> <span class='ocrx_word' id='word_1_165' title='bbox 730 3651 796 3756; x_wconf 52' lang='grc' dir='ltr'><em>ᾗ</em></span> <span class='ocrx_word' id='word_1_166' title='bbox 819 3680 914 3752; x_wconf 57' lang='lat' dir='ltr'><strong>W)</strong></span> <span class='ocrx_word' id='word_1_167' title='bbox 936 3645 1088 3736; x_wconf 73' lang='lat' dir='ltr'><strong>„Potitus</strong></span> <span class='ocrx_word' id='word_1_168' title='bbox 1129 3665 1167 3710; x_wconf 82' lang='lat' dir='ltr'><strong>es</strong></span> <span class='ocrx_word' id='word_1_169' title='bbox 1196 3647 1302 3729; x_wconf 84' lang='lat' dir='ltr'><strong>lapide</strong></span> 
     </span>
    </p>
   </div>
   <div class='ocr_carea' id='block_1_12' title="bbox 195 3777 622 3861">
    <p class='ocr_par' dir='ltr' id='par_1_12' title="bbox 195 3777 622 3861">
     <span class='ocr_line' id='line_1_25' title="bbox 195 3777 622 3861; baseline 0.002 -21"><span class='ocrx_word' id='word_1_170' title='bbox 195 3777 334 3844; x_wconf 83' lang='lat' dir='ltr'><strong>terrae“.</strong></span> <span class='ocrx_word' id='word_1_171' title='bbox 361 3780 444 3846; x_wconf 81' lang='lat' dir='ltr'><strong>unul.</strong></span> <span class='ocrx_word' id='word_1_172' title='bbox 467 3779 505 3844; x_wconf 80' lang='lat' dir='ltr'><strong>C.</strong></span> <span class='ocrx_word' id='word_1_173' title='bbox 527 3782 571 3861; x_wconf 88' lang='lat' dir='ltr'><strong>X,</strong></span> <span class='ocrx_word' id='word_1_174' title='bbox 592 3780 622 3841; x_wconf 90' lang='grc'><strong>6.</strong></span> 
     </span>
    </p>
   </div>
   <div class='ocr_carea' id='block_1_13' title="bbox 196 4165 1275 4284">
    <p class='ocr_par' dir='ltr' id='par_1_13' title="bbox 196 4165 1275 4284">
     <span class='ocr_line' id='line_1_26' title="bbox 196 4165 1275 4284; baseline -0.006 -26"><span class='ocrx_word' id='word_1_175' title='bbox 196 4190 280 4262; x_wconf 76' lang='lat'><strong>208.</strong></span> <span class='ocrx_word' id='word_1_176' title='bbox 331 4184 567 4283; x_wconf 84' lang='lat' dir='ltr'><strong>Aequitatem</strong></span> <span class='ocrx_word' id='word_1_177' title='bbox 592 4208 667 4256; x_wconf 89' lang='lat' dir='ltr'><strong>non</strong></span> <span class='ocrx_word' id='word_1_178' title='bbox 697 4180 871 4272; x_wconf 80' lang='lat' dir='ltr'><strong>deseruit,</strong></span> <span class='ocrx_word' id='word_1_179' title='bbox 899 4165 966 4284; x_wconf 88' lang='lat' dir='ltr'><strong>qui</strong></span> <span class='ocrx_word' id='word_1_180' title='bbox 992 4205 1031 4254; x_wconf 85' lang='lat' dir='ltr'><strong>se</strong></span> <span class='ocrx_word' id='word_1_181' title='bbox 1056 4174 1275 4254; x_wconf 75' lang='lat' dir='ltr'><strong>&#39;vindicavit</strong></span> 
     </span>
    </p>
   </div>
   <div class='ocr_carea' id='block_1_14' title="bbox 1010 4367 1057 4436">
    <p class='ocr_par' dir='ltr' id='par_1_14' title="bbox 1010 4367 1057 4436">
     <span class='ocr_line' id='line_1_27' title="bbox 1010 4367 1057 4436; baseline 0 0"><span class='ocrx_word' id='word_1_182' title='bbox 1010 4367 1057 4436; x_wconf 79' lang='lat'><strong>30</strong></span> 
     </span>
    </p>
   </div>
   <div class='ocr_carea' id='block_1_15' title="bbox 0 0 1535 4912">
    <p class='ocr_par' dir='ltr' id='par_1_15' title="bbox 0 0 1535 4912">
     <span class='ocr_line' id='line_1_28' title="bbox 0 0 1535 4912; baseline 0 0"><span class='ocrx_word' id='word_1_183' title='bbox 0 0 1535 4912; x_wconf 95' lang='lat' dir='ltr'><strong> </strong></span> 
     </span>
    </p>
   </div>
  </div>
 </body>
</html>
