3014 4906
398 341 821 432 ,stat-

154 529 211 604 at.
264 527 307 596 ln
350 527 541 622 regionem
582 521 702 622 Nedjd
753 522 937 622 pervenit,
986 525 1051 620 qui
1091 534 1257 594 montem

264 647 425 720 Hadhan
451 646 559 720 vidit.

1050 727 1067 760 a

235 796 373 860 Hadhan
401 796 517 858 montis
537 797 568 857 in
595 794 662 855 alla
682 790 801 872 Nedjdj
824 792 957 874 regione
979 791 1031 852 siti
1057 811 1170 854 nomen
1192 801 1255 876 est,

151 905 263 984 utqui
296 923 367 966 eum
388 901 609 986 conspexerit,
632 901 726 962 istam
748 910 865 962 terram
895 898 1068 961 intraverit.
1110 901 1255 972 Prover-

151 1010 238 1072 bium
270 1009 451 1094 signifieat,
481 1010 527 1072 rei
554 1006 703 1071 iudIeium
737 1005 862 1070 adesse.
914 1006 996 1070 conf.
1027 1004 1141 1086 Djeulr.
1169 1023 1194 1068 s.
1222 1026 1255 1067 v.

152 1142 251 1216 ff„

404 1282 479 1312 ooo
523 1231 635 1310 aree
671 1278 778 1312 μου
808 1269 871 1310 ,οὗ

150 1479 209 1546 25.
259 1473 346 1546 Una
372 1474 644 1582 arhor'Nulrah
669 1474 824 1549 alteram
849 1475 1025 1576 pereutit.

210 1598 315 1662 Arbor
335 1609 387 1701 μ’
402 1601 521 1664 Nabalr
538 1603 697 1682 appellata
713 1603 744 1662 in
759 1599 909 1664 montium
925 1599 1142 1662 cacuminibus
1158 1618 1253 1664 eres·
1361 1641 1365 1650 «

148 1721 200 1782 oit.
243 1722 332 1785 Illam
361 1725 507 1786 arborem
535 1723 796 1804 ruaguiahabent,
819 1722 904 1803 quod
926 1742 968 1784 ex
997 1723 1065 1784 eius
1085 1724 1173 1804 liguo
1196 1742 1261 1784 ar-·

149 1844 207 1886 eus
231 1836 263 1888 et
284 1831 424 1910 sagittae
447 1827 667 1889 eonfieiuutur.
689 1828 901 1888 Proverbium
921 1826 984 1888 hoe
1006 1827 1137 1908 Sijadus
1158 1829 1189 1889 iu
1211 1847 1248 1890 se

147 1939 181 1991 et
193 1932 460 2014 Moahivajahum
482 1933 570 1994 dixit.
591 1931 724 2010 Sijadus
741 1932 846 2025 oppidi
866 1934 992 1993 Bazrae
1018 1933 1252 2014 praefecturam

150 2040 300 2123 gerebat,
322 2039 396 2102 dum
417 2039 669 2121 Almoglrirahus
690 2037 970 2103 Ebu-Sohahbah
1008 2040 1122 2122 oppido
1150 2041 1254 2105 Gulae

149 2153 307 2224 praeerat.
330 2146 461 2207 Mortuo
476 2145 708 2227 Almoglrirahe
731 2143 873 2227 stades,
888 2145 940 2226 qui
957 2146 1093 2227 timeret,
1108 2168 1149 2209 ue
1173 2148 1255 2210 illius

145 2254 217 2344 loeo
235 2251 488 2314 Ahbd-Allahus
510 2250 708 2313 ben-Ahmir
730 2251 844 2331 oppido
866 2252 1110 2334 praeficeretur,
1133 2256 1255 2317 Moah-
1370 2258 1372 2264 '

142 2356 276 2437 wtjjaho
291 2358 407 2439 suasit,
420 2367 455 2419 ut
466 2359 549 2419 illius
563 2357 669 2439 oppidi
683 2358 848 2438 Imperium
861 2356 1074 2422 Aldhahhaee
1091 2361 1255 2426 ben-Kais

143 2462 294 2525 traderet.
309 2461 562 2543 Moahwijjahus
578 2472 696 2546 autem,
711 2462 785 2543 quid
806 2464 902 2526 vellet
921 2481 1127 2546 cognosceus
1149 2469 1178 2528 ei
1199 2487 1255 2529 re-

145 2567 473 2654 scriptitat-,ata
495 2569 566 2636 laad
581 2571 671 2667 wll
686 2567 711 2650 tt
727 2571 812 2672 ela„
827 2573 952 2684 ἐμὲ
967 2573 1069 2655 edas
1085 2584 1184 2662 esp
1199 2586 1256 2642 ae·

142 2691 237 2788 tqul
264 2721 308 2796 ἐκ
332 2694 414 2776 agdi
442 2695 576 2764 lawe
602 2702 665 2781 03,
692 2692 790 2783 aeft
828 2701 881 2782 &a
907 2695 982 2791 Jale
1005 2697 1092 2758 ulam
1112 2696 1254 2761 intellexi

142 2816 264 2878 litteras
291 2826 372 2880 tuas.
415 2816 466 2880 Sit
495 2836 574 2880 vero
606 2819 792 2901 tranquillus
816 2819 940 2882 animus
971 2829 1063 2906 tuus,
1087 2821 1191 2902 (eant.
1213 2823 1251 2886 C.

142 2925 218 3002 XX,
249 2925 319 3006 662)
347 2919 728 3009 oAliu·l'Moghirahel
752 2927 1029 2992 Abu-Ahmirum
1052 2926 1160 2991 Cufae
1187 2949 1251 2994 nou

141 3033 372 3114 praefecimus3
401 3032 460 3095 sed
480 3033 561 3094 illius
593 3035 656 3096 loei
677 3035 909 3114 praefecturam
936 3055 1008 3098 eum
1031 3044 1088 3100 tua
1111 3039 1246 3100 ooniuu-

140 3133 282 3201 ximusla
327 3136 420 3215 Quae
446 3137 547 3198 verba
569 3156 666 3218 quum
697 3137 826 3215 SIjadus
847 3140 1000 3220 legisset,
1020 3142 1084 3203 ista
1104 3161 1243 3223 prover-

140 3245 181 3306 bii
207 3247 308 3334 verba
334 3243 413 3306 dixit
441 3241 696 3323 significaturus,
727 3241 808 3304 dues
835 3245 923 3306 viros
954 3245 1071 3329 ingenii
1092 3249 1238 3311 acumine

139 3362 174 3415 et
194 3351 402 3434 intelligentia
423 3349 574 3431 aequales
596 3365 681 3410 esse.
705 3349 787 3410 eonf.
810 3351 936 3432 XVIII,
957 3352 1008 3414 24.
1031 3361 1065 3414 et
1075 3355 1236 3418 Bertheau

139 3460 232 3526 libell.
262 3480 292 3540 p.
322 3461 363 3523 19
391 3467 468 3522 text.
496 3474 559 3519 noe
586 3473 649 3517 non
676 3455 808 3520 Hamas.
838 3477 867 3537 p.
889 3461 916 3525 vl

516 3603 776 3796 aad&
842 3653 877 3735 u

145 3869 205 3944 26.
258 3865 374 3963 Origo
401 3865 479 3936 eius
499 3876 554 3934 est
580 3862 658 3934 eius
685 3861 856 3955 (cameli)
883 3862 1025 3960 stigma.

222 3988 393 4052 voeabula
410 3988 454 4085 ,lt
487 3986 600 4067 iguis
630 3985 760 4068 siguum
790 3985 912 4047 oamelo
935 3985 1073 4050 inustum
1097 3983 1251 4068 designa-

142 4124 248 4193 retur,
270 4122 305 4176 ut
326 4111 449 4174 dIeatur
467 4108 554 4180 atltll
574 4101 695 4212 adopt
715 4109 740 4176 lo
762 4109 951 4190 ”Quodnam
964 4109 1251 4194 signumhuieea-

143 4238 248 4299 melae
274 4236 415 4299 inustum
443 4228 538 4297 outa
581 4231 633 4296 Ex
670 4231 872 4316 stigmatibus
909 4237 1100 4298 camelorum
1134 4233 1250 4296 inustis
1369 4275 1376 4282 -
