3018 4930
614 367 654 381 a·
694 317 760 396 arr
800 293 870 380 -’

213 515 290 576 mihi
311 515 452 578 nuntium
472 513 640 575 obscurum
656 507 815 595 explices!
835 516 918 577 'l'um
933 515 1026 578 dixit:
1047 519 1135 582 Nihil
1154 519 1274 583 sinistri

181 621 268 682 xtibi
290 611 455 681 eveniatie
499 619 660 680 Ahmruus
685 628 718 681 et
745 619 879 684 Cahilus
907 621 1022 702 Hodjri
1060 643 1186 688 sacram
1221 627 1272 688 di·
1375 631 1378 644 '

211 728 328 788 tionem
350 727 524 807 laeserunt,
547 704 579 786 et
602 727 630 787 is
660 727 691 787 in
722 728 860 790 hostium
896 737 1089 812 potestatem
1117 736 1273 815 pervenit.

267 835 407 895 Mettum
441 831 566 893 'l'hawii
606 840 657 893 est
695 852 725 912 p.
760 835 827 899 161.
892 835 1025 897 Silentia
1069 829 1273 917 praetermit-

168 938 297 1000 tendum
324 957 387 999 non
415 944 467 998 est
495 937 588 1000 etde
610 937 733 1018 Hodjro
766 932 859 1002 etde
899 943 1152 1008 Amru-l’Kaiso
1182 949 1272 1010 varia

168 1053 201 1105 et
230 1042 450 1104 dissentientia
481 1042 585 1122 tradi,
616 1062 697 1124 quae
727 1045 755 1104 si
789 1064 937 1107 enararre
964 1050 1100 1130 vellem,
1142 1052 1291 1135 longius.

167 1153 261 1214 foret.
284 1150 797 1233 CunfiquoqueHengsteubergii
819 1155 1064 1254 cl.Arnruikeisi
1085 1159 1271 1224 Moallakah

167 1278 199 1338 p.
220 1257 250 1317 6.
279 1263 350 1336 sqq}
392 1256 444 1317 Ab
473 1257 542 1318 aliis
574 1264 680 1318 autern
710 1259 924 1338 proverbium.
941 1262 1123 1327 Mobelheio
1145 1267 1271 1331 adscri-

167 1365 262 1446 bitur,
286 1364 341 1444 qui
361 1363 462 1424 verba
484 1364 673 1426 Hammamo
689 1365 917 1443 ben-Murrab,
940 1388 1037 1451 quum
1057 1373 1173 1436 certior
1194 1375 1270 1438 fac·-

166 1477 219 1531 tus
249 1477 354 1552 esset,
393 1468 559 1531 Colaibum
597 1489 617 1532 a
651 1469 811 1552 DJassaso
848 1477 992 1539 occisum
1022 1497 1110 1554 esse,
1144 1481 1267 1546 dixerit.
1304 1537 1307 1548 .

161 1577 374 1639 Proverbium
405 1595 529 1658 quoque
563 1578 612 1639 sic
646 1579 794 1642 traditur:
821 1588 903 1654 „jur
930 1587 1009 1673 iore,
1036 1590 1146 1660 &uss
1171 1595 1267 1683 ,ostii

163 1700 289 1761 „Hodie
303 1699 432 1761 muitum
452 1699 619 1762 bibendum
641 1710 704 1784 est,
728 1722 801 1766 cras
813 1708 918 1787 capita
935 1724 1008 1772 suut
1028 1715 1266 1792 percutiendae.

164 1807 429 1870 Seliaraf-Aldirr.
452 1808 665 1871 Samuclrsch.

316 1961 444 2184 ijissi
472 2001 636 2157 Qiijt,
672 2009 785 2210 rjuJi
824 1993 1006 2147 uzi?
1068 2053 1119 2140 n

165 2239 225 2310 dt,
277 2237 400 2333 Quam
429 2241 587 2342 pulchra
614 2261 668 2319 est
695 2249 942 2348 praefectura,
970 2257 1113 2332 etiamsi
1147 2263 1184 2333 in
1211 2261 1263 2335 la·

277 2362 381 2464 pides
409 2369 619 2442 exercenda
644 2374 706 2444 sit!

244 2505 355 2569 Verba
376 2508 459 2570 haec
490 2509 611 2575 dixisse
641 2516 741 2578 fertur
777 2519 1027 2585 Abbd-Allahus
1056 2526 1277 2614 ben-Chaled,

160 2609 222 2670 ben
249 2610 369 2693 0said,
398 2614 458 2696 qui¹
480 2616 699 2681 aedificandae
728 2620 840 2684 demus
865 2625 895 2685 in
918 2629 1032 2707 oppidu
1059 2631 1178 2695 Mecca
1199 2633 1263 2697 fido

161 2734 221 2776 sue
243 2718 422 2782 mundatum
446 2721 577 2784 dederat
606 2726 811 2810 permittens,
842 2732 928 2793 utin
951 2733 1063 2796 eadem
1086 2739 1148 2799 sibi
1169 2740 1263 2802 habi·
1354 2767 1356 2772 ’
1381 2737 1383 2742 ’

159 2822 374 2888 tardilocum
396 2830 578 2891 conticeret.
599 2831 854 2929 Ahbd-Allahus
877 2837 1003 2903 domum
1024 2843 1154 2922 intrans,
1167 2867 1264 2930 quum

158 2931 282 2996 videret
321 2935 426 2996 locum
467 2937 622 3018 lapidibus
655 2938 788 3022 pulchre
822 2959 1019 3042 esornatum,
1041 2949 1262 3042 interrogavit,

159 3040 281 3103 cuinam
304 3042 356 3105 ille
377 3044 468 3106 locus
483 3046 661 3109 destinatus
684 3060 784 3132 esset,
805 3062 836 3115 et
858 3075 954 3136 quum
978 3060 1072 3122 filium
1094 3063 1156 3124 sibi
1178 3065 1286 3130 illurn'
1366 3111 1370 3120 ·

158 3165 294 3225 parasse
323 3149 522 3233 audivisset,
552 3154 615 3214 ista
641 3157 743 3218 verba
770 3164 994 3238 pronuntiavit
1036 3168 1072 3228 ln
1102 3169 1262 3236 Scliaras-

157 3250 264 3313 Aldini
295 3225 405 3335 opere,
439 3256 470 3316 iu
493 3276 556 3339 que
579 3243 698 3354 ’8)βῶ
723 3263 794 3360 0²²
808 3268 886 3355 γᾶ,
914 3267 999 3366 ’Μ
1022 3280 1092 3357 est,
1124 3274 1260 3358 legimus

157 3371 257 3433 verba
278 3345 341 3437 ista
362 3375 507 3456 Sijanurn
538 3379 670 3479 dixisse,
692 3401 789 3465 quum
802 3373 805 3380 ’
820 3387 861 3447 de
883 3391 1041 3470 opulentia
1062 3395 1123 3455 viri
1144 3401 1260 3463 certior

156 3477 261 3539 sactus
283 3491 381 3563 esset,
396 3502 489 3563 quem
506 3485 704 3552 aedificando
716 3493 834 3574 temple
852 3494 883 3555 iu
908 3497 1022 3578 oppido
1042 3499 1147 3562 Bazra
1162 3523 1258 3584 prae-

155 3582 298 3646 fecisset.

296 3721 957 3921 destruentium
1028 3794 1078 3881 n

135 3955 214 4055 148.
263 3982 388 4078 Quam
405 3987 562 4088 pulchra
579 4013 671 4070 esset
685 3995 906 4093 haereditas,
934 4007 1003 4078 nisi
1016 4003 1132 4078 vilitas
1148 4013 1253 4117 esset!

241 4136 373 4206 Baihasi
391 4144 499 4206 verbis
524 4144 606 4207 haec
634 4123 856 4249 accensentur,
878 4174 1009 4236 querum
1030 4159 1062 4220 in
1083 4163 1251 4239 proverbio

156 4255 195 4322 C.
217 4257 277 4334 lv,
302 4256 330 4317 1.
352 4255 467 4320 mentio
490 4252 576 4317 faeta
603 4264 664 4320 est.
