2986 4914
677 343 719 356 -
759 309 830 374 674·
871 341 912 353 -

489 524 501 544 ι.
535 509 614 546 ·d-o.
683 514 739 544 roo
777 525 787 540 ι
818 515 831 540 o
872 515 898 542 ,ν
936 516 979 544 ιο.
1004 525 1037 540 n
1062 517 1106 541 e·

484 525 1177 658 “i'ssddfffflb‘fflbjdsdff'

239 719 276 782 ld
302 727 373 784 est:
398 718 460 797 Qui
479 719 601 780 socium
618 734 711 780 suum
734 715 785 826 die
805 715 924 778 infelici
945 714 1110 778 adflictum
1125 715 1226 799 videt,
1244 733 1345 778 secu-

237 843 292 888 rus
320 845 384 887 uon
413 832 482 905 ost,
512 822 597 906 quod
619 822 714 885 simili
738 820 789 884 die
811 840 875 882 uon
896 819 1077 903 adfligatur.
1120 822 1211 883 Dixit
1231 829 1346 903 poeta:

240 931 313 994 »Ne
337 931 377 993 ob
399 931 529 992 aliorum
559 928 886 1010 calamitatesoelaetos
907 928 965 1014 sis,
988 946 1061 990 nam
1084 927 1349 1009 tempori'vicis-

241 1038 399 1102 situdioea
419 1045 526 1100 sunto.

322 1144 568 1207 Hemistiohium
590 1142 683 1206 metri
704 1142 816 1206 Basith
839 1151 900 1204 cst.
922 1162 952 1223 p.
978 1143 1049 1204 190.

320 1252 455 1334 Legitur
475 1269 603 1333 quoque
624 1255 737 1331 quarta
757 1249 851 1310 verbi
870 1251 931 1352 Ul,
953 1250 1070 1332 forma,
1091 1258 1128 1312 ut
1149 1266 1267 1319 seusus
1288 1248 1349 1310 sit:

237 1378 300 1457 Qui
331 1375 425 1439 alium
454 1372 577 1456 adfligit
604 1381 635 1435 et
663 1390 763 1436 causa
792 1380 856 1454 est,
878 1381 914 1434 ut
929 1373 1088 1456 ingratum
1105 1373 1167 1455 ipsi
1187 1371 1272 1435 diem
1291 1373 1349 1433 ui-

236 1481 323 1565 deat,
344 1499 420 1542 mox
440 1479 532 1542 simili
553 1478 727 1541 adficietur.
768 1479 980 1542 Proverbium
1000 1477 1238 1544 vicissitudines
1260 1487 1349 1542 tem-

236 1587 322 1670 poris
342 1587 513 1668 siguificat.
555 1587 645 1648 Dixit
666 1594 779 1667 poeta:

241 1694 327 1774 »Qui
354 1694 438 1756 diem
461 1693 562 1776 vidit,
583 1693 615 1754 iu
636 1712 675 1755 eo
698 1692 913 1775 conspicitur,
936 1712 1010 1756 uam
1030 1641 1161 1775 tempss
1182 1712 1240 1776 per
1269 1712 1346 1756 eum

278 1819 342 1864 uon
363 1798 548 1881 decipimus
1159 1817 1165 1824 ·

321 1908 461 1970 Mettum
483 1904 607 1987 Redjes
629 1913 690 1968 est.
712 1926 743 1988 p.
764 1904 835 1969 231.

114 2447 120 2453 ,
236 2374 321 2447 293·
373 2369 450 2464 Qui
477 2367 593 2441 fulcit
626 2369 773 2442 asinum
805 2368 1024 2459 silvestrem,
1060 2369 1221 2446 multum
1245 2369 1348 2485 luto·

379 2506 505 2566 cutem
529 2490 657 2564 futuit.

319 2625 431 2689 Verba
459 2625 542 2689 haec
572 2624 734 2688 Chidlrros
758 2625 980 2716 ben-Schilrl·
1000 2625 1226 2690 Chotsahmita
1253 2625 1345 2711 dixit,

237 2733 329 2794 cuius
358 2751 442 2795 uxor
471 2731 640 2795 llasehimi
666 2734 770 2794 amica
798 2741 876 2795 erat.
920 2713 1081 2796 Chidhrus
1109 2751 1205 2814 quum
1231 2749 1347 2796 aurum

236 2844 271 2897 et
285 2835 527 2916 argentumsub
547 2836 670 2897 arboris
682 2835 790 2898 radice
811 2836 1069 2900 abscondidisset
1093 2845 1131 2900 et'
1146 2839 1240 2900 uxori
1259 2856 1345 2901 suae

237 2957 306 3002 rem
327 2949 503 3019 narrasset,
524 2938 606 3001 haec
626 2955 757 3030 servam
779 2941 821 3004 ad
843 2942 981 3004 amioum
1003 2945 1100 3026 misit,
1123 2952 1158 3007 ut
1179 2961 1257 3026 opes
1270 2947 1347 3006 'au-

236 3046 343 3109 ferret
386 3048 493 3109 Serva
512 3045 622 3107 herum
643 3063 735 3109 suum
757 3048 803 3108 rei
825 3049 992 3116 certiorem
1014 3049 1104 3114 lecit.
1144 3052 1264 3133 Herus,
1288 3051 1345 3134 qui

239 3153 281 3216 ad
303 3155 408 3215 locunt
429 3151 515 3213 illum
536 3151 747 3214 llaselrimum
769 3162 1016 3234 exspectaturus
1037 3168 1242 3241 accesserat,
1265 3175 1349 3238 opes

238 3276 317 3322 suas
340 3259 403 3319 iam
419 3256 544 3319 ablatas
566 3275 643 3320 esse
663 3257 753 3320 vidit.
795 3261 859 3322 l‘er
884 3261 1005 3341 aliquot
1026 3259 1095 3324 die's
1118 3273 1232 3326 tacens
1253 3263 1349 3326 uxori

237 3364 390 3448 narravit,
412 3381 450 3426 se
472 3363 632 3426 unuatore
654 3365 792 3446 quodam
815 3347 924 3428 occiso
946 3366 1071 3430 duabus
1091 3370 1258 3432 unionibus
1279 3388 1346 3459 ρος-

238 3470 331 3534 titum
352 3489 428 3534 csse
450 3480 483 3532 et
504 3471 644 3552 quedem
666 3471 739 3536 loco
760 3473 1018 3558 abscondidissc,
1035 3476 1128 3538 simul
1151 3491 1269 3538 servae
1290 3474 1347 3538 di-

238 3596 330 3662 cens,
352 3579 380 3640 si
401 3578 480 3640 hero
501 3561 557 3640 tu⁷a
578 3587 611 3639 te
632 3576 674 3640 ad
694 3578 904 3642 Haschimum
928 3581 1020 3656 misit,
1048 3581 1089 3642 ad
1102 3583 1261 3661 meprius
1275 3600 1348 3656 vce

238 3686 320 3748 nias.
363 3686 498 3762 Factum
529 3663 600 3764 eat,
634 3685 902 3765 quemadmodum
936 3689 1146 3768 praeviderat
1189 3690 1281 3751 Here
1303 3687 1349 3750 ad

237 3791 448 3856 Haschimum
470 3808 600 3851 servam
622 3790 716 3851 misit.
760 3791 840 3852 'l'urn
871 3791 1032 3856 Chidhrus
1059 3795 1190 3857 fratrem
1223 3794 1346 3875 Zojei-

235 3899 312 3962 dum
332 3916 444 3960 secum
466 3893 588 3958 ducens
610 3894 651 3957 ad
671 3895 768 3958 istum
789 3897 892 3960 locum
921 3907 996 3960 aute
1022 3900 1237 3974 Hoschimum
1265 3921 1347 3982 per-

234 4009 334 4068 venit
376 4007 424 4067 lbi
443 4002 623 4067 absconditi
642 4004 850 4068 llaselrimum
872 4005 1066 4070 audiverunt
1086 4026 1339 4072 versuscanen-

238 4101 454 4193 tem,‘qoibus
484 4118 552 4172 tota
574 4113 753 4192 rcs'palam
775 4111 876 4176 fieret.
900 4112 1064 4176 Chidhrus
1084 4122 1192 4200 autem
1213 4116 1246 4176 iu
1265 4115 1343 4177 Ha-

236 4220 394 4305 schimum
422 4218 574 4298 impetum
608 4217 732 4296 faciens
762 4218 856 4284 dixit:
876 4265 882 4272 .
900 4220 964 4302 Qui
997 4220 1090 4284 futuit
1121 4222 1245 4285 asinum
1278 4223 1342 4302 sil-
