3018 4930
569 363 801 427 ..905-

141 545 286 608 verbium
307 553 414 607 eutem
440 547 471 606 in
502 543 660 610 homiuem
681 535 858 628 redhibetur,
883 548 936 628 qui
957 547 1084 612 modum
1107 549 1168 630 ipsi
1188 556 1242 611 te·
1278 539 1279 542 ¹

138 651 276 713 neudum
312 659 535 734 transgressus
568 673 686 715 noxum
717 653 775 714 sibi
807 653 910 715 infert.
954 652 1101 716 Alterum
1137 662 1244 716 autem

139 767 212 819 erat
226 778 352 841 nomen,
366 760 764 840 qrrouppellabaturrwl
777 761 852 855 ,lup
877 761 1032 822 nJesarus
1053 761 1246 824 mulierum«.

137 883 243 943 Poeta
257 890 326 944 erat
341 886 522 962 praeclarus
533 885 670 990 (ffel),
693 886 746 966 qui
760 883 855 945 lilium
864 871 1011 965 poetam„
1028 885 1052 946 J
1060 904 1116 947 om
1126 885 1246 947 ailum

139 1003 272 1067 filium
309 1007 332 1066 J
344 1006 456 1065 esari
487 986 718 1068 mulierume
747 1007 938 1087 appellatum
967 1004 1114 1068 habebat.
1156 1007 1247 1070 Dixit

138 1122 239 1196 poeta
252 1113 461 1176 uarasuakus
484 1103 640 1193 Djerirum
666 1115 852 1197 alloquens:

141 1269 368 1410 „ppetuu
381 1281 452 1398 „u
468 1269 678 1404 &ssth
699 1275 777 1423 ὦ)
796 1273 920 1382 etis
947 1272 989 1424 ip
1013 1265 1138 1399 ὦ
1164 1278 1242 1426 ἐξ

142 1500 206 1560 „Et
228 1516 290 1578 ego
312 1498 366 1558 tibi
384 1505 503 1577 metuo,
526 1497 555 1557 si
575 1497 615 1558 ab
643 1497 681 1558 iis
703 1517 835 1558 uxorem
856 1498 887 1557 iu
903 1497 1134 1558 matrimonium
1149 1497 1247 1577 petis,

182 1605 279 1686 idem,
308 1603 391 1685 qued
418 1605 538 1666 Jesure
560 1604 735 1684 puellarum
766 1605 913 1670 recidit«,
955 1609 1097 1668 Mettum
1121 1605 1246 1668 'l'hawil

113 1773 118 1784 ,
184 1721 244 1773 est.
273 1731 303 1792 p.
328 1712 396 1774 161.

143 2181 200 2250 tl.
250 2175 413 2274 Imponit
457 2177 623 2249 iumento
662 2175 855 2249 schannus
890 2189 925 2248 et
962 2175 1144 2250 liberatur·
1173 2176 1247 2249 Lo·

251 2323 379 2372 cursus.

223 2456 260 2515 Iu
281 2453 394 2518 codiee
413 2455 561 2539 [lugdun.
583 2459 697 2535 ὣς]
718 2459 853 2540 legitur3
877 2458 907 2520 iu
941 2456 1079 2520 (laeteris
1100 2473 1161 2517 neo
1182 2473 1245 2516 non

139 2579 172 2643 in
204 2599 301 2661 opere
329 2583 588 2644 Semachseharil
613 2590 740 2666 μς.
784 2582 957 2647 Sehannus
1001 2589 1034 2642 et
1077 2581 1248 2657 hostisue,

140 2705 408 2768 Almofadhdhele
423 2701 602 2787 referente,
624 2706 721 2768 Aleti
742 2705 1053 2768 ben-Ahbd-Allrais
1075 2704 1129 2766 filii
1150 2711 1249 2768 erant.

144 2811 209 2889 Qui
239 2833 334 2894 quum
356 2822 467 2876 esseut
491 2816 521 2876 iu
549 2814 661 2876 itiuere
691 2831 763 2874 cum
784 2820 887 2874 matre
909 2813 1002 2874 huila
1024 2811 1088 2874 filia
1110 2805 1251 2874 llorrani

141 2919 341 3000 beu-Balijj,
375 2920 458 2983 haee
486 2924 556 2984 loeo
579 2921 847 3002 Dsa-l'lrowun,
869 2919 922 2981 ubi
946 2919 1123 3001 quieverat,
1153 2917 1251 2982 fllium

141 3026 337 3107 Sellannum,
367 3026 465 3088 libere
491 3027 622 3090 dimisse
645 3028 799 3108 Lucumo,
821 3024 1013 3109 advocavit,
1034 3031 1070 3085 ut
1094 3024 1123 3084 ei
1144 3023 1175 3083 in
1197 3023 1251 3084 iu·

140 3143 249 3196 meute
284 3131 526 3194 conscendendo
564 3133 716 3193 auxilium
744 3140 932 3214 praestaret.
977 3129 1072 3191 Fecit
1105 3127 1248 3209 quidem3

142 3241 202 3304 sed
223 3243 333 3303 iratus.
367 3242 403 3300 lu
425 3241 509 3301 clive
529 3239 625 3319 igitur
646 3239 763 3300 mentis
784 3247 918 3300 matrem
940 3237 1110 3299 aiumente
1132 3233 1249 3296 deiecit

141 3359 176 3412 et
204 3352 287 3428 ista,
310 3350 444 3430 quaein
475 3347 636 3427 proverbii
668 3343 931 3408 consuetudinem
960 3351 1127 3423 venerunt,
1151 3343 1252 3404 verbu

140 3459 367 3542 pronuntiavit.
417 3458 524 3518 Mater
564 3464 696 3518 mortem
736 3453 810 3515 inde
845 3451 930 3514 obiit.
982 3448 1072 3510 Dixit
1109 3466 1251 3530 quoque:

133 3567 245 3669 Im*
270 3567 339 3634 exe
357 3567 571 3662 wiffiekgh
593 3564 714 3627 „Sume
745 3561 800 3622 tibi
829 3558 939 3620 metris
961 3565 1037 3618 tuae
1059 3553 1211 3634 merdam,
1234 3573 1252 3616 ο

143 3683 314 3754 Loeaiseiu
358 3690 402 3750 Et
432 3689 514 3751 haee
535 3705 662 3770 queque
689 3685 789 3746 verbe
811 3683 841 3744 in
862 3679 1064 3762 proverbium
1086 3683 1253 3738 venerunt·

143 3799 290 3861 Alterum
312 3806 418 3859 autem
441 3795 515 3858 illud
536 3793 720 3876 significare
741 3791 877 3872 videtur,
901 3807 998 3851 unum
1021 3783 1118 3846 fllium
1140 3804 1160 3846 a
1180 3801 1253 3846 ma-

143 3914 193 3967 tre
214 3904 304 3965 elteri
326 3904 489 3984 praeferri.
532 3903 674 3966 Similem
696 3897 856 3981 proverbii
885 3911 1015 3958 sensum
1037 3898 1134 3975 poeta
1155 3907 1253 3954 versu

144 4018 302 4094 sequente
325 4009 502 4088 expressit:
