2990 4920
685 313 914 380 ..ffl-

238 505 445 569 Jomauonsis
477 501 678 586 possessoris
706 497 913 580 cophinorum
935 497 1068 560 oameiis
1090 491 1351 578 impositorum“,

238 611 413 676 iliustrandi
434 628 537 673 eausa
558 605 699 690 adduxit,
727 624 767 668 ea
798 605 926 669 lieentia
952 605 1079 685 poetica
1105 605 1163 666 niti
1190 605 1352 668 videntur.

239 721 316 785 Vox
336 728 444 783 autem
465 717 544 821 eb),
567 732 759 802 quamquem
780 713 910 796 pluralis
932 712 1056 796 forma,
1089 720 1198 780 tamen
1220 713 1261 774 de
1282 732 1351 774 uno

238 833 413 917 ignitabqu
434 832 573 894 adhibita
596 848 669 892 oum
690 831 868 894 masouiino
889 829 1040 910 coniungi
1058 834 1175 910 potest.

240 1242 326 1313 208.
376 1235 481 1320 Asini
528 1233 697 1309 ruditum
731 1231 853 1306 decies
888 1234 1048 1310 imitatos
1073 1245 1128 1304 est
1171 1245 1208 1303 et
1244 1255 1350 1304 mors

375 1382 509 1431 uenam
535 1360 613 1430 eius
640 1356 846 1458 iugularem
874 1360 1152 1458 compresserat.

320 1491 413 1554 Mors
432 1489 473 1554 ad
505 1509 579 1554 oum
607 1487 927 1574 adpropinquaverat.
970 1490 1021 1552 De
1050 1509 1090 1551 eo
1120 1488 1252 1570 dieitur,
1293 1489 1351 1570 qui

238 1615 381 1659 moerore
410 1593 556 1658 adflietus
591 1604 661 1678 est,
704 1613 800 1675 quum
828 1574 952 1657 moeror
987 1595 1017 1656 ei
1049 1594 1169 1656 inutilis
1196 1595 1248 1655 sit.
1290 1592 1347 1654 Au

239 1701 389 1783 oppidum
418 1701 631 1774 aecedentes,
670 1703 700 1762 iu
735 1720 798 1784 quo
828 1699 930 1781 pestis
958 1699 1192 1783 grassabatur,
1236 1699 1351 1762 deeies

238 1801 331 1871 asini
349 1827 467 1872 vocem
495 1811 656 1872 imitantes
684 1809 768 1872 haud
801 1810 996 1890 interruptim
1026 1809 1166 1873 clamare
1200 1808 1353 1871 solebant

237 1925 406 1997 sperantes
425 1916 507 1998 fore,
529 1923 563 1978 ut
586 1917 648 1980 hoo
668 1917 747 1997 ipsis
769 1915 896 1978 utilitati
916 1923 1022 2008 esset.¹
1060 1913 1150 1977 Dixit
1171 1923 1281 1996 poeta:

237 2048 1349 2212 annumerasse

235 2263 328 2343 „Per
349 2263 450 2324 vitam
472 2257 595 2326 meam!
619 2263 657 2327 si
678 2262 718 2326 ob
740 2263 850 2336 mortis
870 2263 1015 2326 timorem
1037 2259 1148 2324 decies
1177 2261 1257 2325 asini
1286 2281 1349 2326 ru-

279 2367 381 2429 ditum
402 2369 517 2447 imitor,
541 2378 606 2432 tum
628 2387 693 2451 ego
715 2369 846 2432 timidus
866 2367 972 2434 sum.“

319 2481 448 2544 Versus
469 2491 607 2544 metrum
629 2483 759 2545 Thowil
782 2491 841 2545 ost.
863 2501 890 2546 o.
912 2485 932 2545 Ι.
955 2504 995 2545 m.
1017 2503 1049 2565 p.
1072 2483 1142 2548 161.
1172 2563 1174 2568 ¹

100 2989 102 2994 Ι
234 2891 322 2964 209·
372 2888 472 2959 Beue
498 2889 617 2962 sciens
653 2889 817 3004 locum&
844 2890 909 2966 ubi
935 2891 1085 2994 plantae
1110 2888 1221 2966 Kaziz
1256 2914 1348 2990 pro·

377 3011 543 3086 veniunt.

293 3165 296 3172 '
321 3159 376 3222 Ad
397 3161 480 3225 latus
503 3161 631 3244 plautae
652 3172 764 3249 vap&
786 3167 1098 3247 appellataetubera
1124 3172 1231 3228 terrae
1251 3161 1347 3222 nasei

204 3256 211 3267 ¹
237 3276 353 3356 solent,
377 3293 470 3355 quem
491 3275 595 3340 looum
617 3281 741 3342 nonnisi
762 3282 939 3363 plantarum
961 3299 1082 3364 guarus
1099 3279 1177 3344 seit
1214 3277 1346 3340 Sensus

182 3425 193 3436 .
237 3381 399 3462 proverbii
421 3390 487 3444 est:
508 3383 631 3446 Locum
661 3407 766 3450 rerum
797 3391 859 3470 ipsi
887 3389 1141 3452 necessariarum
1166 3371 1248 3448 bene
1269 3385 1346 3448 soit.

237 3488 448 3553 Proverbiurrr
468 3488 531 3555 huo
552 3495 675 3557 nonnisi
696 3495 728 3557 in
749 3495 913 3559 oodieibua
935 3495 1046 3584 Beroll.
1066 3502 1100 3578 et
1119 3493 1261 3557 Pooook.
1289 3495 1346 3555 le-

238 3595 330 3678 gitur.
373 3601 409 3660 In
432 3599 544 3664 oodioe
573 3622 645 3666 meo
675 3610 708 3664 et
736 3601 775 3666 L.
802 3611 878 3684 post
906 3623 998 3685 prov.
1025 3599 1097 3665 243.
1126 3601 1195 3664 eius
1222 3600 1345 3666 mentio

238 3701 326 3768 faeta
348 3713 408 3768 est.

590 3846 670 3898 >132
721 3853 783 3900 rofi
828 3870 844 3900 0
900 3893 903 3898 .
956 3857 1042 3901 aaa!

401 3862 670 4055 mutius
703 3900 882 4060 &teg
920 3903 1035 4062 „tet
1108 3920 1152 4001 o.
1258 3900 1316 3918 ·“

237 4139 324 4218 210.
376 4132 620 4252 Bene'sciens
646 4167 667 4211 a
694 4127 861 4246 quonam
884 4141 969 4215 loco
996 4144 1033 4217 iu
1068 4142 1216 4219 edenda
1251 4167 1345 4216 soa-·

333 4259 336 4265 ’
375 4260 464 4358 pula
490 4259 746 4364 insipiendam
772 4265 828 4338 sit.
1019 4271 1050 4284 ''
