3024 4922
494 330 498 336 -
598 289 743 360 -1801
786 327 827 338 -

168 471 337 536 Sclranuus
359 474 482 546 socium
503 471 740 556 interrogavit?
761 500 863 572 &³³
890 475 925 547 sti
949 471 1151 560 [iffi->Le
1177 474 1269 555 eapti

169 597 283 677 „Num
305 604 448 659 mortuus
469 608 530 682 est,
554 601 605 679 qui
630 618 668 658 eo
691 597 839 671 effertur,-
858 615 898 656 au
920 591 1042 656 vivus‘d
1085 597 1179 660 Haec
1208 617 1269 658 au-

171 702 261 764 dieus
283 707 362 765 aiter
384 724 421 765 sc
444 706 595 768 Schanno
617 689 821 784 stupidiorcm
843 704 1001 764 nemiuem
1030 704 1151 765 vidisse
1184 704 1271 766 dixit.

170 811 223 870 Ad
247 810 374 870 domum
396 831 486 873 suam
509 813 644 872 veniens
669 813 872 889 Schenuurn,
910 818 943 870 ut
976 818 1124 890 tanquam
1150 811 1271 891 hospes

170 917 312 998 intraret,
334 919 490 982 invitavit.
532 921 612 980 Erat
633 923 741 980 autern
772 917 915 978 Sciranni
941 915 1030 977 socio
1062 917 1126 979 fitia
1155 919 1273 1000 ingenii

172 1026 319 1085 acumine
346 1026 500 1104 praedita.
544 1026 606 1088 Cui
645 1028 742 1106 qirum
768 1033 860 1104 pater
889 1023 1030 1086 Sciranui
1058 1024 1274 1105 interrogandi

173 1130 298 1192 modum
322 1134 529 1210 narravisset,
547 1135 641 1193 istum
657 1133 760 1192 virum
782 1131 914 1190 stultum
936 1147 1009 1190 esse
1024 1132 1156 1209 negavit
1170 1140 1201 1192 et
1223 1131 1274 1192 di-

172 1239 230 1318 xit,
254 1239 372 1318 primae
395 1241 573 1323 quaestioni
592 1240 675 1300 hunc
695 1239 805 1298 inesse
828 1255 984 1310 sensum:
1021 1237 1140 1318 Visne,
1176 1246 1211 1297 ut
1242 1246 1274 1300 tu

174 1345 249 1406 mihi
271 1349 426 1408 narrando
449 1349 535 1408 viam
557 1347 661 1406 minos
683 1344 882 1404 iniucundum
911 1343 1045 1426 reddas,
1082 1363 1122 1405 an
1151 1354 1184 1406 ut
1213 1363 1276 1426 ego
1344 1397 1346 1402 .

175 1450 318 1516 faciam?
339 1456 520 1516 secundae:
562 1455 674 1515 Utrum
697 1453 810 1532 fruges
833 1453 911 1512 istas
934 1468 1107 1530 possessor
1135 1453 1278 1514 vendidit

174 1571 207 1622 et
229 1563 361 1641 pretium
385 1581 491 1623 earum
512 1559 576 1620 edit
606 1577 667 1620 nec
696 1553 761 1618 ue?
805 1558 935 1618 'l'ertiae
968 1557 1123 1638 denique:
1166 1559 1278 1620 Utrum

174 1669 227 1729 isti
247 1677 369 1730 mortuo
392 1671 498 1749 proles
520 1677 579 1742 est,
612 1686 676 1747 qua
697 1674 772 1747 post
795 1672 929 1727 mortem
952 1667 1021 1726 cius
1043 1667 1194 1726 memoria
1222 1667 1276 1725 vi-

177 1785 245 1856 vat,
268 1793 327 1835 uec
348 1771 415 1836 ne?
458 1777 509 1835 De
533 1773 604 1834 hoc·
617 1773 796 1852 explicandi
818 1773 912 1834 modo
935 1792 1035 1854 quum
1054 1773 1133 1833 aiter
1150 1773 1280 1835 Schen-

182 1897 256 1938 num
279 1881 446 1940 certiorem
467 1879 610 1958 fecisset,
634 1879 729 1941 filiam
750 1881 781 1940 in
803 1880 1033 1941 matrimonium
1043 1879 1141 1958 petiit,
1163 1877 1281 1939 utinde

179 1984 384 2062 proverbium
407 1985 552 2065 oriretur,
575 2005 635 2066 quo
659 1997 839 2046 consensus
862 1987 942 2045 inter
964 1984 1044 2044 duos
1072 1985 1280 2066 significatur.

178 2090 385 2151 Aiazmtiihus
407 2098 512 2152 autem
532 2092 682 2174 narravit,
705 2092 847 2152 homiues
870 2092 977 2152 tritum
1005 2098 1109 2150 utrem
1131 2108 1168 2150 rc
1197 2109 1278 2150 con-

179 2207 316 2280 gruente
337 2199 486 2277 imposita
508 2217 696 2276 reparasse,
716 2206 750 2259 ut
764 2198 837 2259 inde
858 2198 1018 2278 proverbii
1035 2199 1123 2279 origo
1145 2197 1282 2278 petenda

181 2315 278 2367 esset.
326 2308 407 2367 'l'um
435 2305 528 2368 vocis
551 2305 629 2389 'amb
665 2305 812 2368 diversus
851 2316 901 2368 est
935 2306 1121 2368 enunciandi
1158 2305 1282 2367 modus.

180 2431 244 2496 Hic
265 2438 315 2491 est
337 2432 377 2492 ab
399 2429 639 2494 Abu-Obbaido
667 2430 794 2491 adlatus
823 2429 1000 2510 explicandi
1023 2430 1142 2491 modus.
1186 2431 1281 2491 Ebu-

180 2537 345 2598 Alcalbius
368 2536 459 2617 dixit,
481 2537 659 2600 'Phabakah
681 2555 797 2598 nomen
812 2537 919 2616 gentis
941 2537 981 2598 ad
1003 2535 1072 2616 ljad
1093 2537 1283 2617 pertinentis

178 2647 292 2727 fuisse,
313 2645 345 2704 in
366 2661 460 2724 quam
482 2662 576 2703 nemo
597 2648 791 2721 potestatem
812 2643 954 2707 haberet.
976 2645 1161 2705 Schanuum
1178 2651 1283 2704 autern

181 2751 352 2812 oen-Ana
373 2731 687 2809 aen-nunu-nuus
709 2748 908 2808 aen-uuum
930 2750 1182 2830 aen-upupae
1206 2750 1283 2810 uen-

181 2856 273 2920 Asad
296 2857 487 2916 beu-Nesar
507 2853 680 2934 irruptione
700 2856 788 2916 facta
807 2873 844 2915 sc
866 2855 904 2916 ab
928 2839 1221 2938 ea'viudicavissc,
1244 2866 1280 2918 ut

181 2973 296 3044 postca
326 2963 398 3023 istis
432 2963 591 3042 proverbii
620 2962 728 3022 verbis
751 2970 917 3024 uterentur
944 2965 1173 3046 significaturi,
1198 2963 1279 3026 duos

179 3073 262 3132 iuter
289 3088 327 3132 se
361 3069 474 3132 robore
511 3069 616 3131 aliave
651 3087 686 3130 rc
726 3086 914 3148 congruere.
961 3071 1061 3132 Conf.¹
1083 3090 1173 3150 prov.
1209 3070 1283 3150 100,

181 3178 276 3246 Kam.
310 3193 337 3238 s.
366 3195 398 3238 v.
419 3173 522 3256 cosp,
545 3176 650 3241 Harir.
672 3195 701 3256 p.
724 3181 772 3248 ΡΙ,
797 3177 880 3238 doct.
903 3177 1077 3239 Borthcaui
1107 3179 1176 3242 libr.
1202 3198 1232 3258 p.
1255 3177 1285 3238 5.

765 3348 868 3382 2020ae
889 3361 960 3382 aaa

422 3359 848 3545 βψω
887 3406 953 3528 {³³
1006 3405 1062 3530 t

184 3610 237 3691 2„
271 3602 407 3676 Incidit
432 3629 520 3705 gens
548 3607 585 3679 in
614 3607 866 3679 membranam
895 3611 1023 3681 cameli
1053 3610 1212 3703 (maris).

284 3755 452 3816 Vocabulo
473 3757 527 3822 ua
548 3757 739 3838 significatio
769 3757 973 3820 membranae
996 3766 1063 3836 est,
1088 3775 1152 3838 qua
1181 3756 1286 3820 foetus

181 3881 216 3948 in
243 3888 332 3942 utero
363 3882 522 3943 involutus
552 3891 612 3948 est.
651 3883 783 3945 Camelo
811 3883 916 3947 autem
938 3886 1017 3947 mari
1038 3884 1082 3944 illi
1103 3885 1286 3946 membrana

185 4006 259 4050 esso
287 4009 349 4050 non
378 3998 499 4072 potest,
530 3999 722 4071 quapropter
743 3993 943 4069 proverbium
965 4004 1095 4076 gentem
1118 3994 1148 4054 in
1170 3993 1287 4054 malum

185 4097 424 4180 gravissimum,
448 4099 500 4160 cui
521 4099 622 4160 simite
644 4117 707 4159 non
723 4107 823 4178 esset,
845 4099 996 4162 incidisse
1018 4099 1188 4183 siguificat.
1201 4101 1289 4162 conf.

185 4203 278 4266 Kem.
300 4205 354 4284 Dj.
376 4205 663 4270 Samochseharius
685 4204 778 4297 ,asti
802 4204 916 4267 omisit.
