2990 4916
680 287 722 300 -
762 253 828 320 520
873 257 926 300 -‘

305 439 511 504 Proverbium
534 439 596 500 hoo
618 439 649 500 io
671 437 752 499 duos
774 437 897 497 amieos
919 432 1099 542 adhibetor.
1129 434 1219 496 Dixit
1239 439 1381 513 poeta:

437 577 545 704 ee
575 569 662 659 ro
686 567 748 692 a
850 604 955 674 w
982 562 1158 690 ser-r

243 777 321 858 „Ne
352 777 451 838 intres
483 774 717 837 obtrectatione
751 771 833 833 inter
860 769 1007 831 baculum
1040 773 1172 853 eiusque
1200 769 1376 832 corticem

285 875 504 942 interiorem.“

326 987 453 1048 Versus
474 995 608 1047 metrum
631 984 734 1046 Camil
756 993 815 1045 est.

325 1099 362 1160 id
384 1108 449 1162 est.
472 1101 526 1162 No
546 1097 628 1161 duos
649 1098 740 1159 viros
760 1095 900 1159 amioitia
920 1095 1110 1158 coniunctos
1139 1095 1365 1158 obtrectando

245 1196 397 1288 separes!

243 1583 325 1650 370.
377 1575 430 1648 Ne
463 1576 612 1674 sanguis
653 1589 689 1645 te
724 1571 870 1647 tristitiri
898 1569 1066 1662 adficiat,
1112 1598 1225 1672 quem
1260 1598 1359 1673 gens

384 1725 448 1772 suo
478 1697 631 1780 effudit!

327 1833 377 1896 Da
398 1851 437 1892 eo
460 1831 586 1906 dicitur,
609 1831 720 1914 quise
743 1830 884 1910 periculo
906 1829 1077 1910 commisit,
1100 1849 1120 1891 a
1141 1848 1202 1908 quo
1220 1831 1352 1892 liberari

243 1956 306 1998 non
325 1944 443 2018 potest·
485 1937 654 2000 Proverbii
675 1935 803 2017 legendi
834 1937 916 1998 atius
937 1936 1051 2000 modus
1082 1945 1147 1999 est:
1170 1937 1215 2002 b>
1242 1941 1355 2028 idn-eo

243 2065 306 2130 dot
332 2084 437 2144 uffo,
463 2061 503 2123 de
527 2081 588 2142 quo
612 2061 693 2140 Cap.
716 2061 790 2136 vlt,
815 2061 845 2121 9.
868 2059 993 2122 videas.

378 2247 412 2376 'b
451 2263 500 2372 o‘
513 2249 642 2420 ,ὥς
668 2240 834 2440 &plis
854 2237 1029 2384 illst
1098 2305 1159 2382 rvr

243 2535 325 2602 371.
378 2527 432 2598 Ne
460 2528 647 2627 interroga
675 2553 784 2627 opem
802 2545 1007 2629 rogantem,
1030 2530 1097 2604 sed
1123 2529 1222 2620 vide,
1241 2556 1353 2630 quae·

379 2677 466 2726 nam
492 2652 570 2724 eius
598 2650 766 2726 conditio
793 2654 852 2724 sitt
891 2669 894 2682 ·
1105 2659 1108 2664 ’

325 2785 494 2848 Desiderio
517 2803 610 2865 opem
633 2785 779 2865 rogantis
801 2783 952 2870 satisfac,
976 2793 1145 2866 antequam
1154 2805 1249 2866 opem
1263 2794 1350 2848 tuam

245 2891 434 2971 imploravit.

433 3027 605 3207 {543ss
642 3060 669 3154 t
704 3034 764 3209 [Ji
799 3043 1005 3180 orsi-i
1075 3086 1143 3166 rvr

244 3280 327 3354 372.
379 3273 454 3372 Qui
483 3276 611 3348 tritum
640 3303 715 3350 non
743 3275 863 3369 habet,
890 3281 922 3350 ei
951 3304 1093 3353 novum
1128 3292 1298 3354 nonest.

283 3405 319 3464 ln
341 3420 415 3465 eum
438 3401 561 3482 dieitur,
585 3403 636 3485 qui
657 3412 785 3465 vestem
809 3422 925 3467 novam
947 3405 978 3465 io
1011 3421 1103 3466 usum
1135 3403 1347 3484 quotidianum

166 3547 174 3568 .
243 3507 381 3570 adhibet.
423 3510 592 3589 Moretur,
614 3517 650 3570 ut
678 3511 770 3571 tritae
792 3509 896 3570 vestis
920 3529 981 3571 usu
996 3529 1121 3574 -novam
1144 3510 1347 3572 sibieonser-

243 3623 309 3676 vet.
350 3616 516 3677 Proverbii
537 3614 639 3674 verba
660 3614 782 3676 dixisse
804 3615 904 3678 fertur
927 3615 1092 3698 Ahjescha
1114 3615 1347 3679 Mohammedis

243 3741 333 3803 uxor,
367 3723 420 3801 qui
453 3717 665 3802 parsimoniae
706 3739 836 3799 operam
873 3721 953 3784 dans
983 3724 1177 3803 pauperibus
1211 3739 1345 3804 magnas

245 3845 324 3907 opes
346 3826 452 3890 dabat.
