2986 4914
695 299 926 375 :⁹⁰⁰⁴—

263 483 418 563 logintns‚
437 479 641 563 proverbium
663 497 789 562 quoquc
810 479 950 544 adhiberi
972 483 1013 546 dc
1034 501 1087 568 co,
1110 487 1163 569 qui
1184 487 1261 550 vitis
1282 503 1367 550 cva-

262 590 351 669 serd,
372 596 541 670 postquam
562 587 736 650 honoratus
756 585 861 648 fuerit.

511 745 612 863 ..ot
648 744 698 890 53
733 745 853 860 unu
887 734 932 863 {t
969 749 1007 860 t}
1065 751 1124 868 'rt

258 991 318 1064 46.
369 991 453 1064 Non
480 1004 533 1063 est
559 989 603 1060 ei·
619 991 697 1061 ovis
724 1004 789 1061 out
815 1013 937 1088 cupro.

344 1116 408 1177 Alii
427 1114 503 1178 voci
524 1113 621 1180 ‘abtin
649 1131 816 1196 servae,
838 1115 913 1176 voci
932 1112 1021 1180 tincti
1052 1117 1146 1177 ovis
1172 1117 1370 1198 significati-

262 1257 355 1300 onum
377 1239 525 1316 tribuunt,
548 1238 600 1299 olii
629 1245 735 1298 autem
764 1236 870 1298 dicunt
891 1237 988 1302 'ariasto
1016 1237 1200 1319 significare
1228 1240 1369 1320 crepi-

260 1368 343 1421 tum
359 1360 522 1420 ventris
537 1359 806 1440 omittentem,
827 1357 915 1424 abso
935 1367 1252 1440 sternutantem,
1274 1368 1368 1420 utra·-

260 1499 323 1561 quc
349 1486 457 1540 cutem
484 1496 568 1540 voco
595 1497 710 1558 capros
730 1479 901 1561 designari.
945 1482 1120 1542 Proverbio
1143 1499 1262 1542 sensus
1294 1488 1363 1544 cst:

258 1585 358 1648 Nultc
379 1586 408 1646 ci
428 1603 481 1646 ros
501 1593 611 1646 restat.
655 1584 738 1646 c'cnf.
761 1585 853 1648 Korn.
878 1586 929 1666 Dj.

257 1995 317 2068 47.
370 1995 512 2097 Cuprae
538 1996 703 2070 lacerant
729 2013 766 2069 et
792 2022 869 2069 non
896 1993 1105 2070 aedificant.
1194 2080 1204 2106 1,

345 2147 418 2208 Abu
431 2180 445 2192 ·
459 2147 623 2208 Ohbaidus
660 2148 738 2209 dixit
748 2154 764 2228 ,'
783 2147 942 2228 proverbii
971 2147 1125 2227 originem
1147 2147 1179 2206 in
1201 2167 1239 2208 co
1262 2165 1367 2228 quoc-

260 2251 391 2312 rcndum
419 2271 514 2332 esso,
546 2253 630 2331 quod
667 2253 833 2333 cuprcrurn
859 2254 911 2333 pili
948 2253 1091 2313 tentoriis
1117 2252 1274 2313 faciendis
1303 2273 1368 2313 non

261 2358 450 2418 inserviant.
494 2358 668 2438 Caprarum
693 2370 799 2421 autem
831 2339 1076 2441 possessoribus
1107 2361 1243 2422 tentoria
1271 2358 1369 2420 habi-

257 2464 399 2525 tantibus
433 2463 599 2546 occidero,
632 2474 666 2526 ut
688 2483 806 2546 caprae
828 2467 858 2528 iu
881 2469 1016 2529 tentorio
1039 2465 1236 2528 adscendunt
1259 2448 1365 2544 coquo

259 2569 442 2634 dilacerent.
465 2575 550 2639 conf.
576 2572 693 2654 Djeuh.
716 2591 743 2635 s.
754 2591 786 2634 v.
794 2603 871 2674 σθ.
914 2575 1045 2636 lucum
1081 2572 1193 2634 dicitur
1225 2589 1365 2652 prover-

257 2693 357 2778 bium,
387 2697 439 2777 qui
461 2715 514 2758 ros
531 2699 703 2776 corrumpit
732 2706 765 2759 ct
791 2718 854 2759 non
885 2707 1019 2779 reparat.
1043 2699 1127 2762 Sunt
1160 2706 1287 2776 cutem,
1312 2695 1366 2775 qui

257 2799 375 2882 dicant,
398 2789 512 2863 vcccm
534 2830 619 2901 σῳ
643 2804 674 2861 in
696 2805 863 2882 proverbio
891 2803 1157 2886 significationem
1183 2801 1364 2884 pulchri-

255 2926 402 2989 tudino
436 2924 574 3004 privat
618 2933 672 2984 aut
708 2940 881 2985 vacuom
913 2925 1052 2988 roddit
1091 2933 1147 2988 cut
1185 2924 1361 3004 amptum

256 3023 646 3098 rcdd'tt'lacernndc
668 3029 786 3094 habero
807 3049 917 3111 posse.

549 3189 1166 3385 nocuo

254 3447 314 3521 48.
379 3446 440 3520 Sol
469 3450 545 3519 cius
572 3456 807 3548 supcr'genu
839 3472 921 3519 suo.

344 3573 555 3657 Proverbiurn
588 3572 650 3632 hoc
686 3572 717 3631 in
748 3591 819 3634 curu
851 3571 983 3654 dicitur,
1017 3553 1070 3649 qui
1092 3564 1210 3649 pronus
1231 3568 1262 3629 in
1283 3567 1362 3628 iram

253 3690 302 3743 cst
325 3689 358 3741 ct
379 3697 480 3759 provo
500 3677 605 3738 indole
634 3678 816 3758 praeditus,
845 3675 1109 3757 quomadmodum
1131 3676 1180 3736 sal
1202 3676 1237 3736 in
1259 3672 1365 3738 homi-

251 3789 300 3848 nis
322 3804 408 3868 gono
436 3802 512 3845 mox
539 3782 741 3862 dispergitur.
785 3781 850 3842 Atii
871 3783 946 3842 voci
968 3782 1035 3890 εἰ,
1064 3780 1198 3841 lactis
1234 3777 1361 3860 signiti-

251 3910 407 3970 cotioncm
430 3906 588 3987 tribuunt,
618 3902 648 3965 id
682 3901 764 3984 quod
797 3904 959 3967 Meidauio
990 3906 1140 3984 optimum
1162 3901 1304 3980 videtur,
1328 3909 1367 3962 ut

251 4012 411 4094 proverbii
442 4029 562 4072 sensus
590 4011 641 4072 sit:
665 4011 776 4093 „Non
805 4009 995 4073 custodit
1025 4026 1181 4071 uxores
1203 4024 1304 4067 suas
1326 4012 1365 4065 ct

200 4162 208 4168 -
249 4133 330 4182 non
361 4119 569 4178 observat
607 4114 850 4199 cfficium“‚
896 4113 1162 4197 quemadmodum
1205 4129 1300 4174 nomo
1331 4111 1365 4170 in

251 4241 336 4306 genn
373 4239 430 4280 suo
474 4221 525 4281 lac
559 4237 752 4284 conservare
780 4230 895 4303 potest.
928 4218 1218 4284 non-Annum
1253 4222 1364 4280 sutum
