2990 4916
20 539 43 576 Μ’.

14 597 41 672 ff?

497 539 513 568 0
592 533 660 569 000
717 531 718 534 ¹
747 535 762 568 3
849 539 889 571 oo

307 511 952 731 {somsin
1020 583 1099 670 rar

10 805 43 870 n
145 805 237 880 tet,
280 805 366 879 Non
387 809 558 906 acquiret
582 805 735 880 laudem
762 809 820 880 vir
846 833 993 882 avarus.
1038 843 1042 858 r

228 937 282 999 Ad
302 947 437 1004 matrum
464 941 560 1005 Sarilr
584 941 694 1004 referri
721 949 830 1023 potest
850 960 882 1022 p.
907 941 979 1004 atu.
1022 941 1169 1004 Avaritia
1198 942 1252 1003 vi-

10 1016 43 1144 ⁹3¹⁸
150 1051 324 1126 tuperatur.

8 2785 29 2852 al

8 2907 27 2958 11

12 3015 27 3063 d

8 3123 26 3174 ll

8 3226 23 3284 ll

427 2061 614 2129 Forma
637 2059 979 2146 comparativi.

437 2651 584 2738 wne
621 2593 675 2780 ἐξ
710 2577 828 2745 &dl
895 2633 968 2720 lac

146 2837 231 2913 485.
284 2839 399 2937 Magis
426 2865 588 2940 gemens,
615 2799 967 2939 quameadhibus.
1084 2861 1086 2866 ·
1156 2817 1158 2826 ¹
1199 2841 1207 2856 ’
1257 2918 1262 2926 ,

199 2987 324 3051 Kadhib
340 2989 448 3051 Arabs
471 2996 540 3050 arat
553 2987 701 3069 dactylos
722 2988 754 3048 in
775 2988 908 3069 regiona
930 2985 1070 3050 Bahrain
1091 2983 1250 3046 vendens.

151 3092 336 3174 Mercator,
359 3111 378 3154 a
401 3113 463 3174 quo
493 3093 599 3156 Arabs
621 3095 673 3156 ille
695 3092 861 3174 dactylos,
884 3111 966 3171 quos
989 3091 1059 3156 allis
1080 3090 1255 3168 vendebat,

150 3216 258 3257 emere
288 3198 430 3274 solebat,
461 3199 578 3260 multos
606 3201 689 3258 viles
711 3197 863 3278 dactylos
890 3197 1042 3280 habebat,
1064 3200 1147 3260 inter
1174 3213 1256 3278 quos

150 3317 332 3362 crumenam
365 3303 501 3363 nummis
536 3302 643 3363 aureis
678 3303 839 3382 impletam
870 3300 1051 3382 projecerat
1077 3311 1111 3365 et
1144 3304 1256 3367 tollere
1296 3321 1306 3339 ⁸

149 3399 348 3479 neglexerat.
385 3397 517 3460 'Oblivio
544 3400 589 3460 roi
617 3417 689 3460 eum
720 3398 816 3480 cepit,
846 3416 944 3479 quum
975 3400 1081 3461 Arabs
1110 3402 1163 3462 ille
1194 3402 1256 3464 da-

151 3508 311 3589 ctylorum
333 3506 536 3569 emendorum
558 3523 661 3568 causa
682 3505 859 3569 adveniret.
902 3506 995 3584 Quae
1022 3525 1076 3570 res
1100 3507 1131 3568 in
1153 3526 1256 3572 causa

151 3621 230 3690 erat,
252 3632 311 3676 cur
331 3614 430 3676 Arabi
451 3613 505 3694 illi,
532 3632 625 3695 quem
656 3611 854 3693 dactylorum
884 3630 999 3675 verum
1027 3613 1162 3693 pretium
1192 3634 1256 3678 non

150 3738 286 3783 noscere
307 3727 444 3802 putaret,
467 3721 539 3782 illos
561 3718 644 3780 viles
665 3718 827 3804 dactylos,
849 3719 881 3781 in
903 3721 1017 3801 quibus
1039 3737 1192 3784 crumena
1204 3721 1257 3787 illa

150 3825 276 3908 lateret,
298 3825 448 3890 traderet.
489 3817 571 3888 P'o'st
592 3831 715 3908 autem,
745 3843 842 3904 quum
866 3842 1017 3887 crumena
1037 3827 1070 3887 in
1092 3826 1162 3888 eins
1183 3846 1256 3888 mc-

149 3932 281 3994 moriam
302 3931 461 4016 rediisset,
482 3932 650 4014 intellexit,
672 3930 815 4018 Arapem
834 3931 887 3994 illa
908 3933 1040 4013 potitum
1062 3950 1147 3995 esse.
1175 3935 1257 3999 su-

8 4029 9 4044 ’
108 4056 112 4061 ·
149 4040 205 4101 tim
226 4039 328 4101 cultro
350 4047 455 4100 sumto
479 4057 551 4099 eum
572 4039 605 4098 in
625 4037 680 4098 via
700 4045 837 4112 secutus
859 4046 911 4099 cst
936 4046 969 4099 et
991 4047 1176 4102 assecutum
1199 4061 1265 4104 το-Ι

149 4147 254 4229 gavit,
276 4152 312 4207 ut
331 4145 393 4208 sibi
414 4143 561 4225 dactylos
583 4161 655 4206 curn
676 4143 857 4206 melioribus
880 4153 1060 4224 permutare
1088 4149 1256 4229 permitta-

149 4260 208 4316 ret.
250 4253 304 4328 Ex
327 4250 443 4316 effusis
472 4257 578 4314 autem
610 4248 749 4331 dactylis
778 4267 962 4316 crumenam
988 4251 1073 4318 illam
1100 4257 1256 4338 protraxit
