3014 4906
670 261 903 328 ..752-

265 452 335 516 eius
357 457 413 514 est
430 454 600 531 pereutere
627 443 735 530 gladio
756 444 897 526 antiquo.
941 439 1036 521 Quod
1057 442 1087 502 si
1107 439 1164 502 tibi
1188 439 1245 503 dat
1265 441 1330 522 vir,

190 573 194 580 ·
265 567 413 640 ornetur:
438 559 470 621 si
490 576 563 634 non,
588 553 747 618 interdum
775 569 894 634 pareus
925 558 976 614 ost
995 550 1027 612 in
1048 565 1164 632 poure,
1187 556 1333 629 pereto«.

308 697 439 764 Sehdus
458 705 577 779 eutem,
592 696 645 778 qui
665 713 708 758 ex
729 692 844 757 aribus
857 692 965 755 future
981 689 1215 774 cognoscebat,
1238 687 1333 752 dixit:

223 810 297 870 iuro
308 851 320 892 ,
350 782 512 868 mulierem
541 805 622 865 inter
656 801 799 865 cumolos
827 799 938 862 morbo
963 826 1049 898 O?
1082 796 1266 859 laborantes
1300 803 1334 858 et

223 930 365 992 cameles
393 947 503 1010 perum
531 925 626 991 lectis
652 923 807 988 hebentes
829 924 991 1006 captivum
1012 930 1047 984 te
1068 921 1225 985 facturam
1247 939 1333 984 esse.

223 1036 268 1097 tit
294 1053 377 1096 eves
404 1033 480 1097 mihi
510 1033 711 1112 nuntiarunt,
743 1033 838 1094 elium
870 1049 964 1112 quam
993 1048 1045 1090 me
1073 1037 1106 1091 te
1125 1028 1333 1090 liberaturum

223 1159 287 1202 non
308 1159 395 1203 esse.
439 1141 523 1203 'rum
552 1135 741 1223 Djondabus
761 1137 858 1201 dixit:
880 1136 1026 1214 Minime,
1043 1154 1115 1197 nem
1137 1144 1173 1196 tu
1194 1135 1333 1216 pavidus

223 1263 282 1328 es,
327 1247 493 1310 buterum
529 1245 768 1309 confessionem
804 1242 894 1325 fugis
921 1250 954 1304 et
981 1241 1115 1303 enoiiles
1145 1259 1246 1312 emes.
1286 1243 1334 1305 Se

222 1361 424 1434 separarunt.
468 1354 627 1432 Tempore
667 1351 868 1433 praeterlupo
910 1347 1100 1430 Djondebus
1145 1365 1227 1430 equo
1264 1368 1332 1410 ve-

223 1460 306 1522 hens
326 1466 479 1520 venetum
505 1459 592 1522 exiit
635 1456 783 1520 incidens
806 1439 916 1520 eutem
936 1457 968 1518 in
989 1475 1119 1544 servam
1141 1456 1330 1518 'l'emimita-

225 1585 315 1648 rum,
345 1584 440 1647 quern
471 1585 491 1628 e
518 1575 618 1649 gente
645 1563 800 1646 Djorhum
830 1572 932 1627 ortum
964 1583 1041 1626 esse
1069 1562 1208 1646 tradunt,
1240 1563 1330 1626 dixit:

224 1675 293 1738 Aut
331 1682 367 1735 te
406 1671 482 1734 mihi
521 1672 632 1735 trudas
669 1674 754 1736 laete
796 1669 1017 1752 eut'fpetieris
1054 1662 1195 1732 oouotal
1254 1669 1331 1744 itta:

225 1777 332 1842 [rente
366 1771 467 1861 egui
494 1777 555 1841 Vir
581 1784 712 1860 propter
741 1775 910 1840 stultitiam
939 1793 1032 1838 suem
1068 1775 1155 1838 bibet
1180 1793 1222 1836 ex
1240 1783 1331 1846 utre,

224 1905 322 1968 quern
367 1903 431 1949 non
475 1886 597 1969 ligavit
639 1885 699 1948 tite
733 1875 804 1949 ea'm
846 1884 1028 1966 despiciens
1062 1883 1103 1946 eb
1144 1901 1228 1965 equo
1270 1901 1332 1946 suo

57 2019 64 2028 ·
171 2081 174 2086 Ι
224 1989 402 2056 deseendit.
445 1991 551 2069 Quum
572 1998 682 2056 eutem
703 1991 992 2073 appropinquasset
1011 2007 1052 2054 ee
1071 2007 1137 2053 une
1156 2007 1217 2054 sue
1237 2008 1332 2053 menn

225 2099 295 2162 eius
322 2116 436 2163 monus
456 2099 626 2183 arripiens,
648 2116 706 2162 ers
728 2099 937 2180 comprimere
956 2117 1019 2162 nou
1051 2098 1207 2180 cessavit,
1229 2095 1333 2161 donee

225 2225 284 2271 ees
315 2223 538 2272 inoverenon
564 2215 687 2288 posset.
730 2206 812 2272 'l'um
840 2206 966 2270 hebeni
993 2206 1066 2287 equi
1087 2206 1234 2269 menibus
1258 2215 1334 2286 post

225 2322 352 2394 tergum
373 2313 484 2396 ligetis
503 2329 646 2394 vespere
659 2330 731 2379 oum
744 2313 916 2394 peooribus
937 2312 1067 2376 domurn
1081 2310 1238 2374 reoedens
1260 2331 1334 2375 eum

224 2436 346 2482 oenone
371 2419 509 2500 propulit
537 2426 571 2481 et
598 2418 695 2483 dixit:
722 2420 778 2482 Ne
806 2420 942 2501 posthae
963 2436 982 2481 a
1004 2419 1110 2492 servis
1130 2433 1279 2482 seourum
1300 2429 1334 2483 te

154 2607 162 2616 ⁸
224 2543 303 2590 esse
320 2534 428 2609 putes,
449 2534 485 2589 tu
506 2525 589 2589 enirn
609 2543 763 2590 ooourres
784 2535 929 2608 strenuo,
954 2526 1049 2590 simui
1071 2526 1114 2590 ud
1134 2546 1250 2610 equum
1271 2544 1332 2590 eo·

221 2631 373 2716 oedenti,
403 2640 437 2696 et
458 2633 618 2717 serpenti,
639 2634 696 2716 qui
715 2633 794 2698 vivo
820 2632 994 2698 insidietur.
1036 2635 1127 2697 Dixit
1148 2638 1333 2711 (narratori

205 2739 399 2803 ⁴'l’runuiens
418 2749 525 2804 eutem
555 2740 598 2804 ed
632 2739 796 2821 Sehdnm,
835 2740 890 2821 qui
921 2742 1062 2804 ormelos
1093 2759 1172 2804 suos
1205 2740 1332 2806 domum
1387 2781 1392 2786 -

224 2843 378 2922 dmebrt,
399 2842 495 2906 dixit:
518 2835 797 2924 0‘Sehdeiepenr
817 2845 894 2908 niihi
913 2839 978 2908 ieri
995 2844 1128 2909 Suhdus
1150 2853 1257 2909 eutem
1277 2865 1333 2909 re-

224 2948 369 3030 spondit:
395 2945 539 3010 Peridus
568 2965 663 3028 opem
683 2967 747 3010 non
768 2949 839 3013 fert.
881 2951 1072 3031 Djondebus
1094 2961 1164 3015 tuni
1184 2953 1280 3016 dixit:
1303 2953 1332 3016 0

223 3056 274 3118 vir
302 3071 483 3137 generose,
518 3055 772 3118 remuneratione
801 3052 932 3140 dignus!
963 3060 1066 3142 Opem
1092 3060 1142 3124 fer
1166 3060 1255 3124 fratri
1275 3068 1333 3123 tuo

223 3162 297 3226 sive
314 3161 448 3224 iniustus
461 3161 533 3225 sive
547 3160 660 3235 iniuria
670 3161 821 3226 adieetus
838 3172 897 3226 est
920 3164 1005 3227 'l’um
1017 3164 1179 3228 eoeedens
1201 3164 1332 3229 Sahdus

222 3285 297 3332 eum
324 3266 477 3331 tiberevit
513 3276 547 3332 et
584 3267 677 3333 dixit:
698 3269 773 3332 Nisi
794 3270 955 3355 dicerent,
978 3291 1030 3334 me
1051 3271 1217 3335 mulierem
1240 3271 1333 3334 eooi-

223 3375 331 3462 disse,
375 3383 424 3439 te
443 3375 633 3440 oooiderem.
675 3377 759 3440 Tum
793 3377 847 3441 ilie
882 3377 969 3441 dixit.
1019 3379 1152 3441 Minime
1159 3423 1171 3462 ‚
1212 3378 1333 3442 fretum

122 3563 124 3568 ,
223 3483 308 3544 enirn
329 3501 392 3544 non
414 3490 482 3566 eet,
505 3491 541 3546 ut
555 3483 628 3546 svis
650 3491 707 3547 tua
729 3484 914 3548 mentiretur
936 3493 969 3547 et
989 3485 1071 3548 elius
1092 3502 1187 3567 quem
1208 3494 1244 3549 tu
1267 3505 1333 3548 ve-

226 3607 286 3652 rex
305 3596 407 3652 esset.
451 3589 509 3650 lile
537 3597 645 3652 eutem
674 3587 771 3652 dixit:
797 3589 918 3653 Verum
946 3589 1084 3652 dixisti«

305 3695 417 3760 Verbo
437 3702 546 3759 autem
568 3694 686 3776 duplioi
714 3695 1042 3778 modo-'gremmetiee
1063 3696 1225 3778 explioere
1245 3696 1333 3777 lieet,

221 3811 278 3864 eut
305 3810 341 3866 ut
378 3802 440 3866 duo
471 3809 577 3865 stetus
607 3803 787 3864 eooustttivi
821 3803 886 3866 sint
898 3846 910 3886 ,
939 3805 993 3885 qui
1023 3803 1064 3866 ed
1092 3823 1208 3868 voeem
1237 3803 1334 3873 :tibi

133 3927 135 3934 ’
221 3924 358 4004 pertinet
384 3932 442 3988 eut
471 3925 524 4006 qui
551 3923 775 4005 epronomine
813 3923 882 4006 (tu)
916 3927 948 3990 in
975 3929 1166 4011 imperativo
1204 3929 1334 3992 ooonito

93 4015 109 4038 '
221 4028 346 4110 pendet.
397 4029 489 4093 Istud
529 4039 634 4096 eutem
668 4031 877 4098 fraternitatis
926 4031 1065 4099 dffioium
1098 4034 1206 4100 fratris
1248 4037 1334 4100 enni

220 4133 315 4198 modo
345 4135 516 4201 adiuvandi
536 4146 633 4218 poete
652 4139 802 4204 versibus
824 4143 984 4222 expressit
1005 4142 1227 4246 sequentibus:
