3012 4908
555 334 567 348 Ι

610 366 650 378 -u
692 332 755 396 m
796 368 836 378 -ι

170 517 375 597 proverbium
398 517 439 580 de
457 516 554 580 debili
575 517 695 578 lucrum
716 517 874 598 faciente,
896 491 949 598 qni
970 509 1197 599 praeferendus
1224 526 1275 578 est

170 624 315 706 robusto,
336 626 393 705 qui·
410 624 501 706 piger
526 631 586 684 est.

406 845 576 944 asts
599 806 910 998 )’[ἑιι]Γιιῗῐὰ3
986 858 1031 943 n
1085 958 1090 966 1

171 1114 231 1192 64,
283 1113 343 1184 Sic
370 1117 476 1210 origo
505 1113 650 1186 diversa
678 1129 744 1186 est.

251 1278 387 1360 Vulpes,
411 1281 681 1361 sicnarrant,qui,
703 1287 739 1340 ut
760 1280 893 1362 biberet,
916 1279 1045 1344 situlam
1066 1301 1159 1344 unam
1187 1265 1269 1344 coni·

166 1383 325 1446 secedens
346 1387 376 1446 in
398 1393 524 1466 puteum
547 1385 768 1465 descenderat,
811 1386 959 1468 hyaenae
986 1388 1164 1468 inspicienti
1179 1387 1267 1449 dixit:
1296 1447 1301 1450 .

166 1490 340 1552 Descende
354 1500 387 1553 et
401 1494 486 1557 bibe!
517 1494 575 1554 Illa
604 1495 698 1574 igitur
728 1494 855 1555 situlam
877 1495 1011 1557 alteram
1043 1495 1273 1584 conscendens

165 1596 389 1659 demittebatur
395 1606 419 1682 ,'
433 1597 505 1660 dum
527 1600 633 1681 situla,
655 1600 685 1660 in
709 1617 771 1680 qua
792 1603 907 1681 vulpes
931 1611 1016 1675 erat,
1038 1599 1265 1662 adscendebat.
1291 1633 1294 1640 ,

164 1703 302 1785 Hyaena
324 1713 443 1787 autem,
466 1707 595 1786 vulpem
617 1705 865 1766 adscendentem
888 1706 1020 1782 videns,
1041 1707 1266 1790 interrogavitz

164 1808 237 1887 Quo
259 1806 348 1873 abis?
390 1811 516 1893 Vulpes
538 1813 696 1892 proverbii
728 1813 838 1872 verbis
867 1812 1040 1892 respondit.
1081 1815 1267 1876 Abu-Mo-

162 1914 348 1978 hammedes
354 1916 521 1977 Aldimarti
531 1916 578 1976 sic
587 1915 788 1994 proverbium
796 1917 911 1977 retulit:
924 1919 1146 2017 „algisius
1163 1915 1266 1988 uim

165 2039 248 2120 „Sic
276 2047 473 2099 mercatores
502 2036 620 2114 diversi
642 2031 752 2099 sunt“.
796 2040 853 2100 Sic
876 2017 1167 2102 Semachscharius
1187 2060 1266 2132 pro-

111 2222 114 2226 ,
164 2145 308 2205 veroium
328 2143 495 2204 adnotavit
517 2145 600 2204 etin
622 2165 657 2205 re
679 2145 849 2224 promissis
871 2153 1071 2206 constantes
1093 2147 1268 2228 significari
1351 2160 1353 2165 ’

165 2250 260 2314 dixit:
305 2249 399 2313 Conf.
414 2250 521 2312 Abuli'.
543 2252 603 2312 An.
616 2253 644 2333 1,
664 2252 716 2313 98.

818 2459 832 2493 s
877 2461 892 2490 e
973 2449 1088 2495 ,οὲοψ

226 2462 321 2638 ei·
347 2458 464 2634 sii·
492 2461 573 2668 ‘el'
601 2458 697 2638 ΜΓ
727 2495 826 2608 Μ
864 2495 921 2670 01
952 2497 1086 2653 „n
1157 2514 1198 2592 r

162 2751 221 2823 65.
273 2748 379 2820 Sicut
406 2773 556 2847 serpens
585 2746 713 2820 colore
739 2750 847 2848 nigro
873 2765 910 2819 et
938 2747 1024 2822 albo
1052 2747 1262 2838 distinctus,

222 2915 233 2924 ·
270 2890 299 2959 si
326 2885 523 2974 occiditur,
551 2888 783 2974 vindicatum
812 2891 841 2961 si
866 2886 1105 2987 relinquitur,
1133 2887 1265 2990 deglu-

267 3032 312 3099 tit
337 3027 528 3125 (mordet).

243 3196 425 3260 Meidunius
470 3196 648 3278 explicandi
678 3198 835 3279 proverbii
872 3215 973 3261 causa
1015 3167 1151 3280 addidit,
1187 3205 1262 3261 ante

158 3303 417 3366 Mohammedem
439 3304 565 3364 Arabes
588 3313 734 3385 potasse,
757 3304 920 3366 daemonis
940 3313 1073 3367 mortem
1094 3304 1261 3388 vindicari,

160 3421 197 3473 ut
216 3409 371 3472 interdum
393 3410 518 3471 occisor
539 3417 727 3492 moreretur,
742 3408 896 3472 interdum
913 3409 1021 3472 delirio
1043 3411 1261 3493 adfligeretur.

54 3601 61 3608 Ι
158 3522 344 3583 Daemones
365 3528 472 3581 autem
493 3527 676 3599 serpentum
695 3518 829 3581 l'ormam
851 3518 993 3600 induere,
1016 3517 1142 3579 Arabes
1163 3528 1261 3599 puta-

160 3629 248 3710 bant,
272 3632 462 3707 quapropter
471 3625 628 3705 serpentis
643 3642 758 3687 nomen
778 3631 854 3722 0¹?
888 3624 983 3685 etiam
996 3621 1183 3684 daemonem
1198 3623 1261 3686 de-

160 3753 278 3834 signat.
299 3750 352 3811 Ad
374 3748 558 3830 Ohmarum,
580 3749 629 3809 sie
649 3747 786 3822 tradunt,
807 3750 858 3809 vir
877 3748 966 3808 venit
988 3765 1025 3808 os
1047 3747 1185 3810 fractum
1207 3749 1260 3832 qui

159 3857 315 3939 habebat,
347 3865 478 3938 petens,
512 3862 546 3915 ut
573 3851 715 3915 vindicta
750 3855 993 3935 permitteretur.
1036 3853 1133 3932 Quod
1163 3871 1259 3936 quum

35 3959 40 3964 ’
159 3965 320 4029 0hmarus
352 3957 530 4024 concedere
564 3960 682 4039 nollet,
709 3960 760 4021 vir
794 3961 889 4022 dixit:
917 3965 1049 4062 ,Qvi
1074 3957 1261 4062 aristis?

159 4091 250 4173 ,arla
274 4085 355 4188 ef,
381 4093 536 4184 0¹22&
553 4084 613 4165 „Is
633 4083 717 4146 sicut
737 4101 872 4165 serpens
894 4085 1104 4170 colorenigro
1132 4095 1165 4152 et
1186 4087 1258 4152 albo

148 4213 328 4316 'distinctus
354 4219 424 4295 est,
457 4210 486 4272 si
512 4206 686 4290 occiditur,
709 4208 904 4292 ducimur,
932 4213 960 4274 si
981 4211 1175 4316 relinquitur,
1196 4213 1257 4281 (lc-
