2950 4908
572 293 827 362 -ua-r

137 488 199 559 89.
253 481 340 554 Una
367 421 517 565 aduenit
542 503 590 580 att
615 495 758 582 septem
784 480 879 583 pilus
905 508 985 558 nen
1010 482 1246 562 habentibus.

223 613 259 677 ld
284 622 354 678 est:
375 615 448 680 Una
470 613 637 706 calamitas
658 633 702 678 ex
723 623 848 697 septem
870 632 933 678 non
962 617 1099 681 occultis
1126 619 1157 686 ei
1185 635 1248 681 au·

135 723 292 804 pervenit
334 723 385 785 De
406 722 477 786 vira
499 721 623 806 dieitur,
647 723 700 804 qui
721 724 863 788 monitus
885 733 922 788 ut
944 733 1090 808 pareret,
1120 727 1247 791 cautio-

92 879 94 888 .
135 847 209 892 nem
230 828 335 891 omisit
356 835 390 890 et
411 828 595 892 calamitate
616 829 751 892 obrutus
773 837 835 895 est.

142 1261 205 1333 90.
257 1256 453 1357 Scriptura
482 1219 683 1356 inlepide.
715 1264 719 1272 '

222 1407 257 1467 ln
279 1405 416 1466 seeretis
436 1405 612 1468 adhibetur.
636 1407 807 1473 secretum
829 1415 918 1472 tuum
940 1409 1119 1492 scripturae
1140 1411 1172 1472 iu
1195 1411 1248 1474 la·
1275 1423 1279 1434 ·
1312 1429 1319 1440 ·

138 1512 212 1594 pide
233 1511 334 1573 simila
350 1521 414 1592 est,
427 1512 583 1593 siquidem
602 1513 685 1594 lapis
707 1527 867 1576 secretum
879 1533 942 1577 uon
964 1515 1118 1600 divulgat.
1141 1517 1249 1580 Usur-

138 1628 233 1701 patur
251 1637 379 1702 quoque
402 1616 442 1681 de
463 1636 498 1680 ra
519 1628 701 1701 apparente.
724 1619 937 1683 Semachseh.

144 2004 205 2130 91.
257 2047 403 2123 Cecidit
430 2049 529 2120 canis
556 2072 671 2148 super
699 2046 844 2150 lupum.

228 2185 339 2248 Verba
367 2185 451 2247 haee
477 2181 712 2272 Aberamahue‚
735 2183 834 2244 eliens
863 2180 1102 2246 Ebu-Ahbbasi
1130 2154 1253 2245 dixisse
1288 2248 1291 2254 .

143 2292 252 2357 fertur.
293 2290 354 2352 Vir
375 2288 502 2371 quidam
524 2288 655 2350 alterius
678 2307 757 2367 opes
780 2286 960 2369 diripuerat.
988 2287 1071 2350 Post
1090 2287 1142 2360 itte
1157 2289 1251 2370 aiter,

144 2377 241 2481 purant
263 2395 402 2459 faciendi
422 2401 618 2476 potestatem
639 2407 755 2456 nactus
778 2402 882 2476 esset,
904 2393 989 2456 idem
1011 2393 1096 2456 feeit.
1120 2394 1253 2458 Abera-

144 2505 259 2570 mahus
281 2504 344 2566 hae
364 2502 404 2565 de
425 2500 707 2584 reinterrogatus,
738 2500 802 2562 ista
823 2501 924 2564 verba
943 2500 1116 2583 respondit.
1166 2503 1253 2565 Pro-

144 2612 288 2676 verbium
308 2609 481 2693 significat,
504 2605 663 2688 quendam
684 2607 725 2667 ab
754 2601 929 2669 iniusto'so
950 2606 1148 2670 vindicasse.
1180 2659 1187 2670 .
1213 2603 1218 2608 ’

217 2752 364 2991 gut,
400 2776 601 2932 aula
636 2767 797 2972 553¹&
822 2750 974 2967 spii
992 2766 1061 2938 {2⁵¹
1132 2829 1172 2910 at
1219 2765 1221 2768 ’

145 3039 205 3108 92.
256 3029 646 3114 Perseverantipsimus
679 3041 722 3098 et
750 3027 1065 3101 constantissimus
1092 3029 1255 3128 quisque

252 3149 437 3263 optimum
463 3162 501 3231 iu
527 3149 879 3230 rebus⁴successum
905 3156 1031 3232 habet.

229 3301 412 3401 Monernur,
432 3327 466 3380 ut
488 3322 674 3379 constantes
697 3297 1002 3395 et'perseverantes
1025 3315 1056 3378 in
1073 3315 1169 3379 rebus
1184 3323 1253 3379 tra-

150 3427 276 3506 ctandis
298 3429 409 3524 situas.
