3006 4908
577 283 868 410 'Aea-2

156 514 261 595 spatio
273 513 391 580 dimidii
399 513 461 578 diei
474 533 494 577 a
506 514 578 577 loco
587 509 948 592 Sale-Hodjirremotus
956 517 1035 595 erat,
1044 507 1214 596 disposuit,¹
1222 516 1259 571 ut

154 630 388 704 persequentes
427 621 517 704 regis
545 619 713 700 eopias'et
743 617 896 680 Sahditss
927 617 1037 699 pugna
1077 601 1257 696 retinerent.

155 729 375 811 Pugnabam,
411 727 515 790 donec
537 727 673 790 feminae
700 726 906 788 Ahbsitorum
934 723 1047 786 itin'ere
1067 723 1164 805 longo
1184 723 1258 786 abi-

155 834 266 898 issent.
309 835 368 896 Sic
386 855 405 896 e
426 833 569 913 periculo
590 833 712 896 liberati
741 832 783 894 ad
811 840 940 916 gentem
968 832 1060 904 Banu
1069 863 1089 877 ··
1099 829 1258 892 Dhabbah
1318 893 1348 922 ,Α

155 950 379 1022 pervenerunt.
422 939 662 1003 contenderunt
682 949 801 1020 autem,
821 941 974 1002 Melicum
986 940 1155 1003 ben-Becr
1173 938 1256 1000 ben·

155 1046 247 1110 Sshd
268 1057 300 1111 et
321 1042 468 1110 'Ahbsum
492 1046 573 1112 duos
594 1065 673 1110 esse
694 1048 812 1110 fratres
834 1066 878 1109 ex
898 1037 1010 1109 eadem
1028 1038 1255 1108 matronatus.

156 1150 249 1216 Gens
269 1162 374 1217 sutem
395 1151 692 1236 Banu-Dhabbah,
715 1173 798 1234 quae
818 1162 915 1216 antea
937 1171 1034 1234 quam
1056 1161 1254 1234 congregata

155 1267 235 1340 erat,
258 1279 278 1322 a
298 1267 397 1341 gente
412 1259 537 1321 Tamim
558 1277 687 1340 semper
707 1257 929 1341 adfligebatun
952 1257 1182 1321 curnAhbsitis
1203 1259 1255 1320 in-

153 1365 334 1428 cursionem
363 1365 400 1426 in
448 1366 611 1447 regionem
648 1365 757 1448 gentis
802 1366 924 1427 Banu·
943 1364 1123 1430 Hentseieh
1167 1364 1254 1428 iecit.

153 1469 234 1533 lude
242 1491 338 1553 quum
346 1471 512 1554 virgantis
520 1471 613 1533 Ahhs
621 1471 819 1535 feminamad
828 1480 956 1553 gentem
965 1471 1255 1535 Banu-Hentselah

152 1579 362 1657 pertinentem
373 1597 486 1642 seeum
499 1578 684 1660 abduceret,
694 1581 746 1642 vir
761 1579 886 1661 quidam
902 1588 1028 1662 egente
1036 1578 1205 1664 Dhabbah,
1214 1578 1255 1640 il-

152 1684 214 1747 iam
223 1685 371 1750 feminam
383 1688 461 1748 sciis
469 1685 792 1768 ardoresummopere
800 1686 973 1769 adflictam,
981 1696 1016 1751 ut
1024 1686 1164 1768 linguam
1172 1705 1255 1748 exe-

151 1802 237 1856 reret
248 1792 376 1876 videns,
386 1794 568 1877 Ahbsitanr,
584 1802 620 1856 ut
627 1813 698 1858 eam
710 1795 821 1856 leniter
829 1803 993 1876 tractaret,
1001 1795 1137 1878 rogavit
1158 1793 1255 1857 Anb-

151 1899 216 1962 sita
240 1910 348 1964 autem
371 1902 573 1983 interrogans
595 1902 740 1984 alterum,
767 1920 841 1962 num
863 1901 1081 1964 misericordia
1103 1903 1172 1964 eius
1193 1899 1256 1964 ad-

151 2005 258 2068 iectus
270 2015 372 2087 esset,
390 2025 486 2088 quum
508 2008 588 2068 alter
599 2000 738 2079 Certe,¹
754 2006 988 2090 respondisset,
999 2007 1162 2088 cuspidem
1183 2009 1255 2070 lan-

151 2129 232 2174 ceae
259 2113 291 2173 iu
322 2112 395 2172 eius
427 2131 520 2174 anum
543 2111 671 2196 direxit,
707 2120 743 2174 ut
763 2112 876 2174 mulier
898 2122 1027 2194 gentem
1048 2113 1256 2177 Banu-Hen-

152 2218 257 2282 tselah
285 2218 317 2280 in
338 2218 492 2280 auxilium
521 2227 666 2280 vocaret.
709 2218 870 2282 Dhabbita
891 2226 997 2284 autem
1024 2218 1108 2282 hanc
1128 2218 1167 2281 ob
1188 2238 1256 2282 rem

153 2325 323 2387 Ahbsitam
346 2323 473 2386 occidit.
516 2323 610 2404 Quae
640 2343 692 2387 res
729 2326 761 2387 in
789 2342 890 2386 causo
921 2332 1011 2406 erat,
1040 2343 1098 2387 cur
1125 2333 1158 2387 et
1184 2323 1257 2390 inde

151 2431 275 2494 abirent
301 2433 332 2494 iu
360 2433 490 2514 Syriam
519 2433 703 2515 profecturi.
746 2431 813 2496 Sed
844 2451 864 2495 a
890 2440 989 2514 geute
1018 2434 1257 2497 Banu-Ahmir

151 2539 272 2618 legatis
291 2539 398 2602 missis
428 2539 469 2603 ad
491 2539 606 2602 foedus
628 2556 700 2602 cum
721 2540 801 2622 ipsis
822 2538 1004 2604 iaciendum
1030 2541 1254 2606 invitabantur.
1345 2551 1347 2558 ’

152 2643 286 2708 Foedus
320 2647 414 2726 igitur
442 2663 516 2708 cum
545 2646 779 2728 Moahwijjaho
811 2647 1023 2710 ben-Scheet
1057 2649 1256 2730 pepigerunt

153 2751 221 2815 Sed
243 2753 392 2814 versibus
419 2754 568 2834 satyricis
589 2753 826 2816 Ahbd-Ailahi
847 2752 1113 2816 ben-Hammam
1140 2762 1255 2833 poetae

150 2859 260 2945 gentis
302 2861 534 2924 Banu-Ahbd
555 2862 683 2926 -Attah
725 2860 1030 2950 ben-Ghstirfan,
1078 2861 1253 2944 secuudum

149 2967 232 3030 alios
274 2967 498 3050 Alnabeghahi
535 2968 746 3048 Daobjanitae
779 2971 930 3031 commoti
972 2976 1006 3032 ot
1047 2969 1120 3034 inde
1159 2969 1256 3032 abie-

149 3085 222 3139 runt
253 3077 352 3140 etad
380 3085 510 3160 gentem
531 3077 793 3156 Banu-Djahiar
813 3077 997 3141 ben-Cilob
1025 3086 1252 3160 pervenerunt,
1312 3109 1314 3115 ·

151 3183 237 3246 Cum
258 3183 309 3244 his
330 3182 491 3265 degebant
513 3199 618 3262 usque
639 3181 680 3242 ed
702 3182 785 3244 diem
813 3202 941 3266 pugnae
970 3203 989 3244 a
1009 3184 1081 3247 loeo
1098 3167 1253 3263 Aldjebel

151 3287 206 3351 lah
225 3289 414 3368 appellatae.
457 3287 570 3350 Causa
597 3289 809 3367 separationis
838 3289 920 3351 haec
940 3297 1024 3352 erat:
1046 3291 1105 3354 Vir
1127 3291 1253 3373 quidam

150 3414 170 3457 e
191 3403 291 3477 geute
311 3395 516 3457 Banu-Abba
539 3393 702 3457 occiderat
723 3394 1016 3478 Ebu-Aldjaunum,
1043 3417 1137 3478 quem
1158 3399 1253 3461 nuh-

150 3501 202 3564 ius
233 3500 488 3562 ben-Aiahwaz
523 3501 670 3562 libertate
706 3499 891 3564 donaverat.
933 3503 1028 3570 Hanc
1056 3503 1100 3580 oh
1123 3504 1253 3566 caedem

149 3607 250 3670 iratius
271 3605 402 3668 Auhfus
424 3615 554 3689 gentem
576 3605 835 3690 Banu-Djahfar,
858 3615 895 3669 ut
914 3605 1072 3672 Ahbsitas
1095 3610 1254 3690 opprime-

150 3725 210 3798 ret,
232 3713 393 3778 incitabat.
426 3714 523 3795 Quod
543 3714 709 3778 audientes
729 3715 888 3779 Ahbsitae
910 3734 982 3779 cum
1004 3716 1150 3781 Bsbiaho
1172 3717 1253 3778 ben-

152 3819 323 3884 Korthuuo
335 3831 464 3904 egente
477 3823 761 3885 Banu‹Abi··Becr
774 3822 949 3886 ben-Cilab
966 3822 1083 3886 foedus
1096 3822 1251 3884 feceruut.

236 3929 393 4008 Tempore
424 3937 548 4012 autern,
578 3947 641 4011 quc
677 3929 835 3994 Ahbsitse
870 3925 955 4012 apud
987 3938 1117 4013 gentem
1144 3929 1254 3990 Banu·
1304 3995 1306 4002 ‚

151 4035 263 4102 Ahmir
275 4035 449 4123 degebant,
463 4034 676 4116 Dsobjanitae
697 4037 728 4099 iu
748 4039 832 4102 illam
847 4048 978 4121 gentem
994 4038 1046 4101 die
1067 4036 1253 4102 Schahwah

151 4141 287 4236 (abac)
308 4143 470 4226 appellato
491 4143 618 4224 alioque
640 4144 692 4207 die
711 4143 925 4209 incursionem
939 4146 1091 4208 fecerant.
1112 4148 1179 4206 Isto
1201 4142 1253 4206 die

151 4267 339 4332 Thelhshus
368 4265 565 4330 ben-Siusu
585 4266 811 4332 KirWaschum
838 4267 1053 4352 ben-Honajj
1091 4269 1251 4350 captivum

151 4373 237 4438 iecit.
279 4377 504 4457 Interrogatus
514 4415 527 4458 ,
560 4373 630 4456 quis
661 4382 768 4456 esset,
800 4391 838 4437 se
860 4376 1019 4440 'l'saururn
1039 4373 1250 4440 oen-Aheno
