3024 4922
678 289 965 420 ..geo-¹*

277 506 337 590 cie,
357 523 422 589 ege
442 503 576 569 audens
597 521 681 591 aum,
703 504 867 588 ὤμος’).
889 505 933 570 ut
952 502 1052 572 dixit:
1074 506 1161 571 later
1182 504 1374 588 perfidiam·

277 622 311 676 ct
343 614 511 676 orbitatem
539 620 576 675 tn
605 619 659 694 οὺς
694 613 781 696 elige
801 612 898 696 igitur
929 620 963 674 ct
990 631 1053 686 pen
1084 612 1117 674 in
1145 612 1187 676 iis
1216 613 1352 695 eilgenti

276 720 380 803 portio
420 720 503 782 bona
542 729 605 784 eat.
655 719 725 785 Sed
760 739 824 783 nnn
863 718 918 783 din
955 718 1129 797 dubitans,‘
1176 719 1208 782 ei
1252 719 1352 784 dixit:

277 825 400 889 Occide
421 827 584 908 captivum
607 834 704 904 tuum,
719 843 783 909 ego
805 827 946 890 vicinum
960 845 1065 888 meum
1077 825 1226 889 deiende.
1248 827 1349 908 Apud

276 949 330 996 me
358 932 388 996 ei
411 939 675 1009 emansorem,
708 933 739 994 ei
768 939 802 995 tu
834 951 907 994 eum
931 930 1074 1012 occidis,
1109 931 1185 994 licet
1206 951 1351 1016 genero·

276 1057 361 1119 aum,
384 1036 470 1102 haud
491 1035 688 1119 impavidum
710 1035 842 1100 occidis.
886 1039 967 1100 'ium
994 1037 1077 1099 citer
1099 1036 1179 1098 dixit
1210 1036 1350 1118 (filium)

276 1145 453 1228 procedere
495 1145 624 1228 iubens,
667 1132 763 1228 quum
797 1163 871 1209 eum
907 1123 1056 1208 occidere
1082 1153 1215 1226 paratim
1238 1154 1347 1214 ennete

280 1253 436 1338 Adspice,
460 1270 480 1315 o
501 1253 648 1338 Samuel,
680 1266 713 1316 et
733 1252 810 1315 vide
830 1252 1020 1337 sanguinem
1043 1245 1212 1316 fluentem!
1256 1253 1348 1318 Num

279 1360 424 1423 occidam
446 1359 543 1424 iilium
565 1368 653 1423 tuum
675 1359 808 1443 ligatum
829 1379 872 1422 en
893 1367 929 1422 tu
943 1358 1098 1422 obediens
1109 1341 1251 1424 veniesi
1287 1358 1349 1426 Iiie

277 1475 383 1530 autem
404 1464 469 1529 hoc
491 1465 671 1529 omnimodo
696 1467 870 1528 recusavit.
892 1467 975 1529 'ium
1003 1465 1072 1528 eius
1092 1466 1243 1530 venusin
1259 1466 1348 1548 ‘collo

278 1569 423 1660 umato&
443 1579 476 1636 et
501 1579 617 1654 pectus
631 1582 700 1637 eret
718 1565 830 1637 dolore
850 1572 999 1638 adiectus
1017 1582 1146 1656 propter
1170 1593 1243 1636 eum
1272 1573 1348 1636 dum

277 1686 347 1741 orat
366 1677 600 1762 complicatum,
623 1680 709 1742 sicut
730 1679 813 1742 ustio
829 1699 887 1761 per
907 1679 1025 1760 ignem.
1050 1682 1093 1742 Et
1114 1679 1213 1761 elegit
1230 1679 1349 1763 loricas

277 1801 367 1869 auae,
389 1803 431 1846 ne
451 1794 578 1868 propter
598 1801 656 1848 aas
678 1784 836 1848 dedecore
866 1783 1056 1848 adficeretur
1084 1795 1116 1849 et
1143 1769 1347 1868 promissum,

276 1889 361 1971 qued
382 1889 423 1954 do
444 1891 485 1953 iis
507 1873 651 1972 dederat,
674 1892 830 1974 perfidum
850 1910 913 1954 non
935 1901 1015 1956 erat..
1055 1893 1099 1954 Et
1120 1891 1222 1955 dixit:
1240 1893 1347 1956 droco

277 1996 412 2062 actionis
433 2013 613 2080 generosae
634 1997 778 2062 dedecus
799 2018 862 2060 non
883 2017 973 2079 eme,
1004 2005 1037 2060 et
1060 2017 1219 2080 generose
1240 2018 1342 2082 agere

276 2101 308 2164 in
330 2102 394 2164 hoc
417 2101 534 2166 mundo
556 2101 706 2166 dedecori
729 2103 1100 2185 praetulit.·Coustentie
1122 2105 1205 2167 enirn
1227 2105 1267 2168 ab
1284 2124 1347 2168 an-

277 2209 364 2292 tiquo
387 2216 531 2291 temporo
553 2210 624 2271 eius
645 2209 754 2272 innata
775 2208 899 2272 indoles
931 2219 1000 2272 erat
1022 2218 1055 2272 et
1085 2210 1154 2273 ciue
1180 2211 1348 2294 ignitabu-

276 2315 341 2376 lum
363 2313 438 2380 fldei
458 2315 614 2380 scintiliae
636 2316 787 2379 emittens
806 2313 991 2380 accendit.“

511 2477 584 2520 ὗ)
650 2489 667 2520 e
739 2489 863 2553 ‘ooo
937 2475 1002 2524 ,οε

450 2521 997 2687 &oea-eea*
1069 2535 1116 2624 ‘¹¹‘

235 2761 296 2834 94.
347 2755 525 2850 Fidelior,
554 2697 668 2860 quam
692 2760 839 2835 Anhiua
866 2761 1186 2879 ben-Mobollem.

324 2925 513 2986 Merwanus
557 2923 742 3002 Alkaritei)
779 2926 997 2991 ben-Sinbah
1018 2927 1243 3011 {incursionem
1270 2931 1344 2993 ·ho-

234 3031 339 3094 atiiem
376 3033 410 3096 iu
444 3041 574 3115 gentem
610 3031 694 3095 Bccr
734 3033 943 3115 ben-Wejei
973 3039 1168 3120 appellatam
1209 3038 1343 3100 iecerat.

235 3133 328 3202 Gens
350 3149 459 3202 autern
482 3139 538 3203 iiie
559 3158 655 3220 quum
677 3141 841 3204 exercitus
863 3140 1025 3206 redeuntis
1048 3145 1191 3227 vestigia
1221 3162 1344 3226 seque-

233 3254 335 3321 retur,
379 3246 508 3332 accidit,
530 3256 564 3310 ut
593 3249 644 3311 vir
673 3248 817 3333 quidam,
846 3249 898 3331 qui
930 3269 1003 3312 eum
1025 3271 1087 3313 non
1117 3259 1343 3334 cognosceret,

234 3352 438 3418 tremonem
459 3356 563 3437 ipsum
585 3358 749 3440 captivum
780 3358 912 3421 iaceret.
955 3359 1064 3421 Mater
1094 3359 1278 3422 redeuntem
1310 3365 1344 3419 et

132 3517 134 3520 .
234 3459 275 3523 cb
298 3463 461 3544 captivum
478 3463 628 3544 superbia
649 3466 767 3527 clatum
778 3464 895 3532 videns
909 3463 1004 3526 dixit:
1025 3468 1075 3529 'l'u
1087 3465 1252 3548 superbire
1267 3463 1343 3528 mihi

252 3778 281 3842 i)
295 3765 360 3862 ,b
372 3781 443 3844 quod
461 3779 487 3828 in
506 3780 624 3840 pluribus
642 3780 778 3830 codicibus
794 3783 895 3846 iegitur
911 3785 981 3834 idem
999 3798 1062 3836 esee
1080 3784 1198 3850 videtur,
1216 3787 1286 3848 quod
1298 3795 1344 3864 5>

301 3883 435 3951 «tignus,
452 3885 675 3938 conveniens.

249 3988 280 4050 Β)
299 3976 369 4042 affl
385 3993 436 4041 hoe
454 3991 479 4042 in
497 3991 559 4042 ioco
578 3995 621 4041 cst
638 4004 687 4054 pre
705 3985 791 4050 dii.

250 4096 279 4158 ³)
298 4095 457 4159 cognomen
475 4099 537 4150 inde
554 4098 676 4164 accepit,
700 4101 815 4161 quodie
833 4106 933 4153 terram
955 4105 1167 4169 Jemnnenscm,
1190 4097 1341 4181 regionem,

301 4201 343 4250 ubi
361 4203 465 4254 tractus
482 4205 591 4256 aeneiae
609 4189 678 4285 ,ΕΔΒ
695 4203 851 4268 trequentes
876 4213 968 4276 erant,
992 4209 1161 4259 incursiones
1181 4209 1275 4260 decere
1292 4221 1342 4258 so-

300 4303 381 4353 lebat.
