2990 4920
584 349 811 414 ...133-

144 525 226 598 166.
278 525 381 599 Vixit
405 530 523 600 uitam
548 544 680 634 pectus
704 555 814 604 suum
854 534 892 606 in
931 550 1070 606 terram
1108 532 1246 608 demit·

277 665 429 722 tentem.

104 819 108 824 ·
179 798 244 860 llic
265 799 415 881 loquendi
436 801 551 866 modus
572 822 593 866 a
614 805 747 868 camelis
769 805 934 871 derivatus
957 819 1018 893 est,
1050 809 1102 892 qui
1129 818 1246 890 pecto-

138 923 174 965 re
200 906 231 966 in
262 914 379 969 terram
401 910 506 989 posito
546 911 721 992 quiescunt.
773 913 852 977 Vita
888 914 1055 978 commoda
1090 925 1123 976 et
1156 923 1246 978 tran-

137 1011 234 1093 quilla
255 1030 327 1075 cum
350 1016 474 1080 camela
495 1027 608 1098 pectus
630 1020 662 1080 in
684 1028 803 1083 terram
826 1023 1012 1085 demittente
1033 1030 1247 1102 comparatur.
1359 1081 1365 1096 ,

136 1118 338 1182 Vocabulum
360 1127 449 1220 0⁸?
470 1125 604 1186 interior
628 1127 701 1188 colli
723 1146 799 1208 pars
829 1129 860 1190 in
894 1130 1026 1191 camelo*
1045 1137 1097 1190 est
1131 1138 1246 1208 pectus

137 1260 267 1326 versus,
290 1263 374 1324 quac
396 1253 524 1329 terram,
548 1265 645 1328 quum
666 1243 839 1332 decumbit,
863 1251 973 1334 tangit.
991 1249 1245 1310 Proverbiisen-

136 1365 195 1411 sus
217 1360 284 1414 est:
329 1353 421 1415 Vixit
442 1355 542 1416 vitam
564 1354 763 1417 commodam
786 1364 819 1418 et
840 1355 1049 1438 tranquillam.

263 1483 420 1666 will
445 1495 567 1685 tet
603 1496 659 1687 «ἓ
695 1506 812 1685 dfe
849 1485 976 1687 eti
1045 1543 1099 1626 ‘t

137 1749 218 1822 rot.
273 1749 329 1820 Da
365 1749 454 1822 milri
488 1754 704 1852 portionem
743 1778 863 1824 meam
903 1755 1000 1825 cocti
1045 1755 1080 1824 in
1117 1748 1242 1851 lapide

271 1871 445 1944 ardentel

217 2029 368 2090 Junusus
398 2028 492 2093 dixit:
534 2030 645 2093 Verba
675 2031 759 2093 haec
792 2031 921 2110 protulit
949 2031 1061 2092 mulier
1083 2031 1241 2112 quaedam

126 2135 265 2196 multum
287 2152 307 2195 a
328 2136 438 2198 marito
468 2154 530 2198 suo
559 2138 677 2201 dilecta
705 2147 738 2198 et
766 2139 922 2199 honorata
951 2138 1021 2200 cibo
1050 2147 1082 2198 et
1110 2136 1243 2220 vestitu,

134 2247 171 2299 ut
193 2239 263 2302 aliis
294 2241 326 2301 in
356 2239 476 2304 invidia
505 2250 604 2304 essct.
654 2244 727 2304 Alia
756 2243 915 2324 quaedam
944 2242 1053 2303 mulier
1083 2240 1242 2304 dedecore

135 2363 206 2406 eam
229 2345 388 2407 affectura
410 2349 511 2428 ipsam
531 2349 802 2431 interrogaverat,
830 2351 988 2432 quomodo
1011 2350 1145 2411 maritus
1164 2368 1244 2431 erga

135 2451 239 2531 ipsam
268 2472 306 2514 se
334 2463 471 2536 gereret.
523 2456 628 2534 Quam
659 2457 788 2539 optime,
815 2456 1034 2538 respondens,
1064 2456 1093 2516 ei
1124 2447 1254 2540 agendi

133 2560 287 2622 rationem
308 2563 458 2624 narravit.
479 2564 594 2626 Altera
609 2573 721 2626 autem
744 2563 839 2626 dixit:
877 2563 1040 2642 Quaenam
1063 2573 1114 2624 est
1129 2564 1243 2646 xmariti

133 2667 180 2728 tui
209 2668 340 2749 pulchra
373 2687 452 2750 erga
481 2679 514 2731 te
542 2671 660 2755 agendi
696 2670 797 2752 ratio,
827 2689 923 2752 quum
950 2671 1003 2732 tihi
1037 2669 1243 2732 recusaverit

133 2776 309 2856 portionem
331 2786 416 2838 tuam
439 2780 524 2840 cocti
544 2781 575 2840 in
597 2777 702 2859 lapide
724 2777 866 2841 ardente.
909 2777 967 2838 illa
997 2795 1092 2859 quum
1114 2778 1236 2839 verbo-

133 2901 201 2944 rum
224 2901 354 2945 sensum
376 2885 528 2965 nesciret,
552 2884 756 2968 interrogans
786 2884 924 2965 audivit,
961 2885 1112 2963 optimum
1137 2885 1241 2945 cibum
1327 2879 1334 2894 ⁸

134 3007 230 3052 osse·
263 2991 346 3051 'tum
369 2991 479 3052 verbis
502 2991 573 3053 istis
595 2992 690 3056 fidem
713 2993 852 3068 habens,
874 3012 894 3054 a
915 2992 1028 3054 marito
1051 3010 1110 3053 suo
1142 2990 1238 3050 istum

131 3097 237 3158 cibum
258 3095 359 3175 petiit.
401 3096 540 3158 Maritus
562 3105 670 3158 autem
692 3098 801 3158 statim
824 3098 991 3180 cognovit,
1021 3113 1157 3158 uxorem
1179 3091 1241 3154 dc-

131 3211 261 3283 ceptam
283 3221 371 3283 csse,
392 3201 453 3262 sed
474 3220 542 3262 rem
564 3221 719 3265 recusare
740 3203 840 3265 noluit
861 3181 992 3284 optans,
1016 3211 1066 3283 ut,
1099 3220 1136 3262 se
1156 3219 1240 3261 non-

130 3306 193 3368 nisi
215 3315 538 3372 amorccommotum
557 3325 624 3366 rem
648 3325 712 3367 nou
732 3304 872 3387 dedisse,
902 3306 1114 3388 intelligeret3
1158 3304 1238 3368 dixit

131 3415 242 3496 igitur:
285 3412 420 3474 Summa
443 3429 515 3475 cum
544 3414 710 3494 voluptate
744 3410 827 3474 lrauc
856 3413 910 3474 tibi
939 3431 1005 3473 rem
1035 3409 1177 3474 concedo
1208 3419 1242 3472 et

130 3521 248 3596 faciam
270 3517 396 3600 quidem
417 3518 480 3580 hac
501 3529 606 3602 nocte,
629 3537 725 3601 quum
748 3525 895 3606 pastores
925 3517 1052 3578 domum
1081 3519 1237 3579 venerint.

131 3629 239 3707 Quum
263 3631 413 3706 pastores
438 3634 547 3707 potum
567 3627 784 3708 vespertinum
813 3623 873 3686 sibi
897 3631 1087 3704 parassent,
1106 3643 1239 3688 uxorem

132 3734 283 3797 advocari
305 3734 411 3816 iussit,
434 3742 466 3797 ct
489 3734 626 3815 lapidem
649 3732 856 3817 candentem,
886 3749 983 3814 super
1012 3749 1075 3813 quo
1103 3733 1154 3793 lac
1178 3749 1240 3795 co-

131 3845 219 3902 ctum
233 3850 326 3920 erat,
349 3842 380 3901 in
402 3842 548 3903 manibus
575 3842 644 3902 eius
669 3841 785 3921 posuit.
807 3841 923 3903 Mulier
942 3848 1049 3902 autem
1071 3840 1154 3900 illam
1180 3840 1241 3901 de-

130 3948 255 4027 cipiens
277 3945 418 4032 dixerat,
440 3950 578 4012 calidum
601 3967 678 4012 esse
699 3950 728 4009 in
750 3965 846 4009 manu
864 3948 989 4030 quando
1014 3947 1135 4008 senties
1156 3945 1241 4026 lapi-

131 4053 225 4136 dem,
269 4074 310 4117 nc
345 4055 429 4116 illum
460 4056 585 4139 abiice,
628 4054 688 4117 sed
712 4073 840 4117 manum
868 4056 1001 4115 alteram
1038 4060 1072 4114 ct
1099 4052 1240 4134 linguam

131 4163 161 4223 in
184 4177 279 4223 usum
301 4153 435 4222 adhibe!
479 4161 571 4237 Quod
594 4161 758 4225 consilium
789 4178 883 4242 quum
905 4167 1023 4221 secuta
1048 4167 1159 4241 osset,
1187 4159 1241 4220 la-

132 4276 218 4331 ctum
239 4275 302 4350 est,
324 4275 359 4328 ut
370 4263 414 4329 'ot
434 4285 561 4332 manum
581 4277 614 4332 et
633 4270 772 4352 linguam
794 4266 947 4330 laederet.
977 4266 1128 4328 Dolorem
1142 4266 1240 4328 istum
