3024 4912
616 312 847 374 ..44⁴3...

179 502 372 566 uurvitatuur
393 505 428 560 ut
448 496 692 561 Manum
722 496 754 556 in
783 513 847 556 uuo
877 493 1012 558 bunero
1032 495 1206 576 signifieat.
1227 495 1286 556 Siu

178 602 469 672 Smwbuuburim
490 600 693 682 proverbium
722 599 900 662 adnotavit.
942 602 1019 664 Vox
1039 595 1111 678 ΑΒ
1138 600 1284 664 deelina-

176 732 296 792 b'ouuut
317 746 338 790 a
358 734 449 786 reeto
470 735 504 784 et
518 723 703 784 iniustitiam
718 718 869 803 sigificat
892 725 938 784 At
959 744 1039 785 vero
1061 723 1283 800 silentiunm

176 837 276 937 65·ae
296 833 458 912 admittis,
486 829 681 910 obliquitatis
710 831 743 890 iu
766 849 829 899 uno
850 829 946 892 faciei
966 831 1069 893 latere
1089 827 1281 912 significatio

178 959 348 1041 proverbio
368 955 531 1018 eonvenit.

471 1132 578 1249 absit
612 1120 859 1314 sLJtLLttl
932 1174 1007 1249 tn·

182 1408 268 1480 ¹18.
295 1403 404 1474 Omni
430 1401 547 1474 verbo
566 1399 841 1475 inconsiderate
867 1398 971 1473 dicto
997 1387 1176 1499 colligens
1193 1415 1261 1472 est.

262 1568 471 1630 Alaunaibus
498 1569 615 1649 aliique
639 1565 848 1648 adunarunt,
881 1586 999 1630 vouoru
1019 1566 1124 1632 abst..
1144 1567 1279 1627 verbnm

179 1709 267 1772 usse,
298 1709 362 1771 quo
390 1690 486 1752 bomo
514 1689 751 1762 inconsiderate
783 1692 905 1771 prolato
934 1699 1030 1752 erret
1057 1691 1139 1751 'l'ale
1165 1697 1276 1751 autum

177 1798 324 1859 verbum
342 1798 383 1858 ab
422 1795 571 1864 audiente
597 1795 639 1858 ad
667 1797 748 1857 aiios
788 1794 912 1857 deferri.
954 1799 1078 1858 Littera
1105 1812 1121 1860 a
1148 1795 1180 1855 in
1201 1810 1287 1855 νοω

178 1919 283 2000 iffi,
306 1927 345 1981 nt
370 1920 423 1980 vis
449 1919 602 1981 vocabuli
629 1928 787 2001 augeatur
821 1927 879 1980 aut
905 1927 941 1980 ut
968 1917 1173 1998 praeoedenti
1206 1916 1283 1977 troui

115 2027 124 2042 ’
177 2059 321 2106 oousoua
342 2042 395 2122 sit,
417 2039 526 2103 addita
546 2048 607 2102 est
650 2041 743 2118 Sunt,
757 2039 812 2118 qui
833 2037 953 2118 dicant,
969 2040 1130 2118 proverbii
1150 2057 1284 2100 sensnm

176 2165 270 2211 assa:
314 2147 408 2210 Omni
446 2146 680 2208 inuonsiderate
709 2143 795 2206 dioto
817 2145 902 2205 auris
922 2153 994 2226 est,
1022 2143 1180 2224 siquidem
1199 2143 1287 2205 auris

178 2254 280 2318 verbu
305 2253 446 2336 colligat.

464 2417 589 2608 ῥζζιι
623 2406 748 2576 Ulli
777 2405 890 2566 §dli
954 2470 993 2548 tt

184 2701 265 2772 1¹9.
318 2695 403 2769 Nox
429 2694 596 2770 incidens
620 2696 763 2770 malum
782 2694 981 2770 abscondit

216 2835 313 2915 Quod
327 2839 379 2899 vis
392 2857 562 2924 peragere,
576 2848 675 2902 nootu
689 2856 825 2922 perage,
843 2856 909 2900 nox
922 2838 1007 2900 onim
1023 2845 1184 2900 secretum
1198 2843 1287 2897 tuum

179 2944 267 3026 tegit
310 2945 421 3006 Verba
441 2944 524 3009 haee
546 2945 706 3026 Sarijjaho
736 2945 1009 3009 ben-Obwaimir
1030 2941 1284 3006 ben-Abi-Ahdi

178 3047 359 3112 Ohkailitae
380 3049 614 3113 adscribuntur.
636 3049 814 3112 Taubuhns
827 3049 1110 3130 ben-Albomajjir,
1132 3049 1284 3130 gentibus

178 3153 494 3220 Rana-Chaladhah
516 3164 550 3216 et
569 3156 788 3218 Banu-Aubl
804 3157 1001 3238 litigantibus
1023 3157 1106 3239 apud
1128 3159 1287 3220 Hamma-

178 3280 266 3322 mum
298 3257 578 3330 beu-Mothanef
605 3260 821 3342 Ohkailitam,
848 3279 945 3343 quem
977 3263 1166 3326 llerwanns
1201 3263 1285 3324 ben-

179 3365 326 3425 Alhuoim
341 3366 449 3445 gentis
468 3358 842 3429 Banu-Abmir'deuimis
859 3377 1100 3447 praeposuerat,
1118 3389 1140 3432 a
1157 3371 1287 3433 'l'sauro

179 3469 481 3534 beu-Abi·Simabn
505 3472 666 3536 Obkuilita
684 3473 716 3534 in
736 3471 822 3534 lauis
842 3473 1028 3533 vulneratus
1057 3482 1136 3560 erat.
1179 3475 1286 3536 Ham-

182 3595 305 3638 mamus
321 3577 492 3662 Taubuho,
505 3585 543 3640 ut
563 3597 602 3641 se
621 3579 813 3661 vindicaret,
834 3579 995 3658 permisit3
1016 3577 1075 3640 sed
1097 3578 1148 3638 ille
1178 3578 1288 3642 faeere

180 3686 344 3747 recusavit
383 3683 515 3770 dioeus,
548 3687 613 3748 boe
649 3687 774 3749 nonnisi
813 3703 886 3748 eum
913 3686 1096 3748 Hammami
1126 3701 1288 3748 consensu

180 3793 301 3854 laetum
328 3810 405 3854 esse
434 3802 468 3853 et
494 3793 524 3854 iu
554 3793 636 3855 alius
665 3795 847 3876 praesentia
874 3796 1036 3858 'l'aaururu
1064 3793 1152 3856 bueo
1181 3808 1283 3855 ansu-

181 3915 252 3959 rum
283 3916 346 3965 nou
375 3898 489 3962 fuisse.
512 3898 636 3963 Postea
656 3901 833 3966 'faububns
847 3903 967 3964 uertior
986 3901 1112 3983 faetus,
1130 3902 1289 3976 'l'saurnnr

181 4023 256 4067 uum
276 4005 376 4067 sociis
397 4004 439 4067 ad
460 4024 590 4090 aquam,
611 4025 706 4090 qnam
735 4006 951 4092 possidebant,
975 4007 1098 4087 Djarim
1120 4005 1176 4067 vel
1204 4004 1289 4086 Djo-

181 4114 247 4178 rain
274 4114 468 4196 appellatam
488 4115 548 4176 iter
578 4113 698 4191 faeere,
727 4130 801 4176 eum
830 4099 908 4184 euni
931 4115 1029 4178 sociis
1059 4122 1193 4178 seontus
1227 4120 1279 4174 est

180 4218 288 4298 ouum
321 4229 428 4284 autum
455 4220 629 4284 Tanbuhus
657 4202 718 4284 eos
746 4219 833 4302 apud
866 4219 1082 4310 Sarijjahum‚
1117 4221 1171 4303 qui
1205 4233 1288 4284 unua
