3038 4906
183 520 291 576 meatu
311 509 457 574 destituti
479 520 569 593 suut,
601 529 696 574 uuam
727 513 780 572 vel
809 513 944 575 aiteram
971 513 1109 592 puellam
1144 511 1285 574 vendere

183 620 298 682 solent.
340 618 440 680 Meid.

185 1007 269 1077 378·
318 1003 404 1076 Non
428 1020 641 1077 remoratur
668 1003 727 1078 lac
757 1003 976 1104 mulgentes.

268 1150 469 1232 Congregati
489 1169 572 1230 opus
594 1153 704 1214 statim
723 1151 961 1235 aggrediuntur.
1004 1152 1069 1213 Alii
1089 1153 1186 1216 alium
1206 1171 1286 1233 pro-

184 1257 286 1318 verbii
305 1275 438 1319 sensum
461 1265 643 1320 statuerunt
669 1258 833 1322 dieentes:
855 1259 1058 1339 proverbium
1085 1259 1285 1340 siguificare,

185 1363 362 1445 mulgentes
392 1372 467 1426 ante
493 1366 688 1428 camelorum
719 1362 864 1428 domruos
893 1367 945 1427 lae
974 1365 1034 1427 sibi
1066 1366 1285 1426 necessarium

184 1473 321 1532 sumere.
336 1468 545 1531 Proverbium
566 1468 720 1554 adhiberi,
736 1469 814 1531 dixit
828 1468 1130 1553 samachsaharius‚
1152 1468 1193 1531 de
1207 1487 1285 1550 per-

156 1588 160 1592 ’
185 1577 272 1660 fidia,
295 1595 359 1659 qua
374 1579 447 1660 quis
468 1577 529 1638 sibi
549 1596 614 1639 rem
636 1585 787 1640 asservat
804 1578 851 1639 rei
873 1577 1032 1640 domiuum
1053 1575 1228 1657 decipiens.

187 2005 269 2076 379.
322 1999 377 2072 Ne
414 1997 533 2074 dulcis
568 2001 636 2090 sis,
676 2017 719 2074 ut
746 2001 966 2100 deglutiaris
1001 2019 1038 2072 et
1065 2027 1111 2072 ne
1137 2027 1285 2074 amarus

322 2128 381 2212 sis,
410 2142 451 2196 ut
480 2125 635 2226 propter
654 2125 936 2233 amaritudinem
956 2151 1000 2197 ex
1023 2151 1089 2199 ore
1115 2125 1288 2200 eiiciarie!

254 2274 345 2336 ·V0x
366 2286 470 2374 σω
490 2292 564 2338 eum
585 2278 752 2339 vocalibus
772 2278 884 2359 activi,
906 2276 989 2359 quod
1001 2277 1122 2348 reetiur
1138 2290 1200 2357 est,
1222 2284 1279 2338 aut

186 2397 309 2476 passivi
329 2399 525 2461 euuuoiatur.
567 2399 777 2464 Proverbium
800 2409 920 2483 manet,
943 2410 976 2462 ut
1005 2398 1142 2462 medium
1171 2400 1202 2460 in
1232 2417 1286 2460 re-

187 2503 248 2564 bus
268 2503 395 2565 modum
417 2513 590 2566 teneamus.
634 2508 722 2568 Dixit
743 2506 1019 2570 Abu-Sobaidus:

238 2643 1236 2786 edtffidffitssfflt

188 2847 268 2928 „Ne
289 2851 335 2910 sis
356 2849 441 2930 apud
463 2871 532 2912 eam
555 2851 670 2933 dulcia,
692 2860 727 2915 ut
749 2851 865 2914 bibaris
886 2858 919 2913 et
940 2871 981 2914 ne
1002 2851 1050 2914 sis
1070 2867 1221 2926 emarus,
1250 2861 1286 2928 ut

226 2957 256 3015 in
278 2955 426 3020 faucibus
446 2953 626 3022 haereas!“

269 3072 408 3134 Mettum
428 3073 537 3136 Wafir
559 3085 619 3138 est.
641 3094 669 3138 e.
691 3098 721 3156 p.
741 3078 813 3140 204.

188 3460 270 3530 380.
324 3457 376 3530 Ne
409 3463 598 3560 interroga
624 3459 674 3533 de'
706 3425 820 3549 iocis,
849 3464 887 3533 in
920 3460 1057 3560 quibus
1083 3484 1172 3558 gens
1199 3486 1285 3560 pro-

197 3611 203 3630 ·
316 3599 431 3658 strata
458 3603 524 3672 est,
551 3589 658 3658 cuius
686 3609 775 3685 opes
803 3587 1017 3685 perierunt!

249 3711 371 3777 idest:
394 3716 482 3778 't'aiis
502 3736 584 3800 gerra
605 3719 799 3801 dispergitur
820 3727 852 3779 et
874 3737 977 3796 usqua
1001 3732 1126 3796 quaqua
1148 3713 1288 3774 moritur.

492 3881 662 4040 &m
700 3865 787 4052 ὑῒ)
818 3887 846 4008 8
919 3936 980 4010 tat

112 4215 119 4222 ,
190 4139 272 4208 381.
327 4135 411 4209 Nou
438 4155 493 4208 est
520 4138 715 4210 consilium
740 4135 922 4209 mendacii
947 4151 1093 4230 arguto.

272 4257 365 4320 Cous.
387 4257 572 4343 prov..291‚
604 4261 675 4325 436.
719 4262 811 4342 Quae
840 4261 881 4324 ad
910 4260 1112 4341 proverbium
1140 4263 1287 4321 nostrum
1318 4303 1350 4348 -·
