<?xml version="1.0" encoding="UTF-8"?>
<!DOCTYPE html PUBLIC "-//W3C//DTD XHTML 1.0 Transitional//EN"
    "http://www.w3.org/TR/xhtml1/DTD/xhtml1-transitional.dtd">
<html xmlns="http://www.w3.org/1999/xhtml" xml:lang="en" lang="en">
 <head>
  <title>
</title>
<meta http-equiv="Content-Type" content="text/html;charset=utf-8" />
  <meta name='ocr-system' content='tesseract 3.04.00' />
  <meta name='ocr-capabilities' content='ocr_page ocr_carea ocr_par ocr_line ocrx_word'/>
</head>
<body>
  <div class='ocr_page' id='page_1' title='image "./arabumproverbia00alfgoog_0604.png"; bbox 0 0 2986 4914; ppageno 0'>
   <div class='ocr_carea' id='block_1_1' title="bbox 612 305 839 374">
    <p class='ocr_par' dir='ltr' id='par_1_1' title="bbox 612 305 839 374">
     <span class='ocr_line' id='line_1_1' title="bbox 612 305 839 374; baseline -0.009 -18"><span class='ocrx_word' id='word_1_1' title='bbox 612 344 654 356; x_wconf 90' lang='lat'><strong>..</strong></span> <span class='ocrx_word' id='word_1_2' title='bbox 694 305 755 374; x_wconf 72' lang='lat'><strong>587</strong></span> <span class='ocrx_word' id='word_1_3' title='bbox 797 343 839 354; x_wconf 87' lang='lat'><strong>..</strong></span> 
     </span>
    </p>
   </div>
   <div class='ocr_carea' id='block_1_2' title="bbox 141 475 1258 579">
    <p class='ocr_par' dir='ltr' id='par_1_2' title="bbox 141 475 1258 579">
     <span class='ocr_line' id='line_1_2' title="bbox 141 475 1258 579; baseline -0.013 -16"><span class='ocrx_word' id='word_1_4' title='bbox 141 505 277 565; x_wconf 85' lang='lat' dir='ltr'><strong>ratione</strong></span> <span class='ocrx_word' id='word_1_5' title='bbox 298 502 407 564; x_wconf 86' lang='lat' dir='ltr'><strong>habita</strong></span> <span class='ocrx_word' id='word_1_6' title='bbox 438 499 543 579; x_wconf 87' lang='lat' dir='ltr'><strong>posita</strong></span> <span class='ocrx_word' id='word_1_7' title='bbox 565 505 634 574; x_wconf 87' lang='lat' dir='ltr'><strong>ost,</strong></span> <span class='ocrx_word' id='word_1_8' title='bbox 666 492 750 574; x_wconf 89' lang='lat' dir='ltr'><strong>quod</strong></span> <span class='ocrx_word' id='word_1_9' title='bbox 770 493 802 553; x_wconf 92' lang='lat' dir='ltr'><strong>in</strong></span> <span class='ocrx_word' id='word_1_10' title='bbox 824 475 927 564; x_wconf 80' lang='lat' dir='ltr'><strong>verbo</strong></span> <span class='ocrx_word' id='word_1_11' title='bbox 942 498 1029 576; x_wconf 58' lang='lat'><strong>3¹3·-</strong></span> <span class='ocrx_word' id='word_1_12' title='bbox 1054 501 1144 551; x_wconf 71' lang='lat' dir='ltr'><strong>terti</strong></span> <span class='ocrx_word' id='word_1_13' title='bbox 1163 525 1258 572; x_wconf 52' lang='grc' dir='ltr'><em>Μ</em></span> 
     </span>
    </p>
   </div>
   <div class='ocr_carea' id='block_1_3' title="bbox 144 613 1349 1024">
    <p class='ocr_par' dir='ltr' id='par_1_3' title="bbox 144 613 1349 1024">
     <span class='ocr_line' id='line_1_3' title="bbox 144 613 1258 706; baseline -0.013 -21"><span class='ocrx_word' id='word_1_14' title='bbox 144 626 359 706; x_wconf 70' lang='lat' dir='ltr'><strong>„coniungite</strong></span> <span class='ocrx_word' id='word_1_15' title='bbox 389 619 581 702; x_wconf 83' lang='lat' dir='ltr'><strong>significatio</strong></span> <span class='ocrx_word' id='word_1_16' title='bbox 616 618 710 679; x_wconf 84' lang='lat' dir='ltr'><strong>inest.</strong></span> <span class='ocrx_word' id='word_1_17' title='bbox 751 614 959 677; x_wconf 88' lang='lat' dir='ltr'><strong>Proverbium</strong></span> <span class='ocrx_word' id='word_1_18' title='bbox 996 622 1102 675; x_wconf 86' lang='lat' dir='ltr'><strong>autem</strong></span> <span class='ocrx_word' id='word_1_19' title='bbox 1130 613 1258 693; x_wconf 83' lang='lat' dir='ltr'><strong>signifi-</strong></span> 
     </span>
     <span class='ocr_line' id='line_1_4' title="bbox 144 719 1256 814; baseline -0.017 -18"><span class='ocrx_word' id='word_1_20' title='bbox 144 741 226 814; x_wconf 84' lang='lat' dir='ltr'><strong>cat,</strong></span> <span class='ocrx_word' id='word_1_21' title='bbox 257 727 506 810; x_wconf 79' lang='lat' dir='ltr'><strong>comparationis</strong></span> <span class='ocrx_word' id='word_1_22' title='bbox 534 724 708 786; x_wconf 85' lang='lat' dir='ltr'><strong>institutam</strong></span> <span class='ocrx_word' id='word_1_23' title='bbox 730 722 883 782; x_wconf 87' lang='lat' dir='ltr'><strong>rationem</strong></span> <span class='ocrx_word' id='word_1_24' title='bbox 905 739 966 780; x_wconf 94' lang='lat' dir='ltr'><strong>non</strong></span> <span class='ocrx_word' id='word_1_25' title='bbox 997 727 1115 780; x_wconf 85' lang='lat' dir='ltr'><strong>rectam</strong></span> <span class='ocrx_word' id='word_1_26' title='bbox 1144 719 1256 801; x_wconf 42' lang='lat' dir='ltr'><strong>fuisse·</strong></span> 
     </span>
     <span class='ocr_line' id='line_1_5' title="bbox 147 823 1349 912; baseline -0.017 -11"><span class='ocrx_word' id='word_1_27' title='bbox 147 838 292 900; x_wconf 89' lang='lat' dir='ltr'><strong>Kamusi</strong></span> <span class='ocrx_word' id='word_1_28' title='bbox 321 843 433 896; x_wconf 83' lang='lat' dir='ltr'>auctor</span> <span class='ocrx_word' id='word_1_29' title='bbox 465 831 559 912; x_wconf 83' lang='lat' dir='ltr'><strong>dicit,</strong></span> <span class='ocrx_word' id='word_1_30' title='bbox 590 828 792 912; x_wconf 88' lang='lat' dir='ltr'><strong>proverbium</strong></span> <span class='ocrx_word' id='word_1_31' title='bbox 818 844 947 908; x_wconf 86' lang='lat' dir='ltr'><strong>quoque</strong></span> <span class='ocrx_word' id='word_1_32' title='bbox 976 823 1115 886; x_wconf 82' lang='lat' dir='ltr'><strong>adhiberi</strong></span> <span class='ocrx_word' id='word_1_33' title='bbox 1137 825 1256 896; x_wconf 66' lang='lat' dir='ltr'><strong>daeo,</strong></span> <span class='ocrx_word' id='word_1_34' title='bbox 1341 877 1349 888; x_wconf 80' lang='grc'>,</span> 
     </span>
     <span class='ocr_line' id='line_1_6' title="bbox 148 915 1297 1024; baseline -0.013 -18"><span class='ocrx_word' id='word_1_35' title='bbox 148 947 209 1024; x_wconf 92' lang='lat' dir='ltr'><strong>qui</strong></span> <span class='ocrx_word' id='word_1_36' title='bbox 229 944 394 1004; x_wconf 88' lang='lat' dir='ltr'><strong>terminum</strong></span> <span class='ocrx_word' id='word_1_37' title='bbox 416 958 510 1003; x_wconf 90' lang='lat' dir='ltr'><strong>suum</strong></span> <span class='ocrx_word' id='word_1_38' title='bbox 532 934 795 1017; x_wconf 78' lang='lat' dir='ltr'><strong>transgrediatur.</strong></span> <span class='ocrx_word' id='word_1_39' title='bbox 821 935 863 994; x_wconf 78' lang='lat' dir='ltr'><strong>Et</strong></span> <span class='ocrx_word' id='word_1_40' title='bbox 884 933 933 994; x_wconf 90' lang='lat' dir='ltr'><strong>sio</strong></span> <span class='ocrx_word' id='word_1_41' title='bbox 956 915 1255 1012; x_wconf 73' lang='lat' dir='ltr'><strong>Samachscharius,</strong></span> <span class='ocrx_word' id='word_1_42' title='bbox 1294 941 1297 950; x_wconf 60' lang='lat'><em>¹</em></span> 
     </span>
    </p>
   </div>
   <div class='ocr_carea' id='block_1_4' title="bbox 151 1041 798 1130">
    <p class='ocr_par' dir='ltr' id='par_1_4' title="bbox 151 1041 798 1130">
     <span class='ocr_line' id='line_1_7' title="bbox 151 1041 798 1130; baseline -0.016 -20"><span class='ocrx_word' id='word_1_43' title='bbox 151 1051 212 1130; x_wconf 88' lang='lat' dir='ltr'><strong>qui</strong></span> <span class='ocrx_word' id='word_1_44' title='bbox 234 1058 267 1111; x_wconf 90' lang='lat' dir='ltr'><strong>ut</strong></span> <span class='ocrx_word' id='word_1_45' title='bbox 283 1047 386 1111; x_wconf 87' lang='lat' dir='ltr'><strong>codex</strong></span> <span class='ocrx_word' id='word_1_46' title='bbox 408 1045 512 1109; x_wconf 87' lang='lat' dir='ltr'><strong>Berol.</strong></span> <span class='ocrx_word' id='word_1_47' title='bbox 533 1051 621 1128; x_wconf 60' lang='lat'><strong>3⁵⁹5·-</strong></span> <span class='ocrx_word' id='word_1_48' title='bbox 646 1041 798 1156; x_wconf 68' lang='lat' dir='ltr'><strong>taliabet.</strong></span> 
     </span>
    </p>
   </div>
   <div class='ocr_carea' id='block_1_5' title="bbox 331 1207 568 1259">
    <p class='ocr_par' dir='ltr' id='par_1_5' title="bbox 331 1207 568 1259">
     <span class='ocr_line' id='line_1_8' title="bbox 331 1207 568 1259; baseline -0.029 -6.13"><span class='ocrx_word' id='word_1_49' title='bbox 331 1207 440 1259; x_wconf 48' lang='lat' dir='ltr'><strong>etos</strong></span> <span class='ocrx_word' id='word_1_50' title='bbox 484 1229 503 1256; x_wconf 59' lang='grc' dir='ltr'><strong><em>μ</em></strong></span> <span class='ocrx_word' id='word_1_51' title='bbox 535 1217 568 1249; x_wconf 75' lang='lat' dir='ltr'><strong>et</strong></span> 
     </span>
    </p>
   </div>
   <div class='ocr_carea' id='block_1_6' title="bbox 260 1215 1188 1406">
    <p class='ocr_par' dir='ltr' id='par_1_6' title="bbox 260 1215 1188 1406">
     <span class='ocr_line' id='line_1_9' title="bbox 260 1215 1188 1406; baseline -0.014 -52"><span class='ocrx_word' id='word_1_52' title='bbox 260 1215 1228 1406; x_wconf 46' lang='lat' dir='ltr'><strong>vaeltstjsdiltumlmvllztat</strong></span> 
     </span>
    </p>
   </div>
   <div class='ocr_carea' id='block_1_7' title="bbox 153 1473 1257 1577">
    <p class='ocr_par' dir='ltr' id='par_1_7' title="bbox 153 1473 1257 1577">
     <span class='ocr_line' id='line_1_10' title="bbox 153 1473 1257 1577; baseline -0.011 -18"><span class='ocrx_word' id='word_1_53' title='bbox 153 1494 188 1559; x_wconf 88' lang='lat'><strong>3.</strong></span> <span class='ocrx_word' id='word_1_54' title='bbox 241 1485 324 1558; x_wconf 87' lang='lat' dir='ltr'><strong>Non</strong></span> <span class='ocrx_word' id='word_1_55' title='bbox 342 1482 486 1577; x_wconf 82' lang='lat' dir='ltr'><strong>habitas</strong></span> <span class='ocrx_word' id='word_1_56' title='bbox 504 1477 666 1552; x_wconf 72' lang='lat' dir='ltr'><strong>maelium</strong></span> <span class='ocrx_word' id='word_1_57' title='bbox 681 1479 842 1574; x_wconf 82' lang='lat' dir='ltr'><strong>regionis</strong></span> <span class='ocrx_word' id='word_1_58' title='bbox 857 1473 1021 1547; x_wconf 86' lang='lat' dir='ltr'><strong>Tebalalr</strong></span> <span class='ocrx_word' id='word_1_59' title='bbox 1037 1475 1257 1577; x_wconf 73' lang='lat' dir='ltr'>appellatae,</span> 
     </span>
    </p>
   </div>
   <div class='ocr_carea' id='block_1_8' title="bbox 155 1600 1290 2152">
    <p class='ocr_par' dir='ltr' id='par_1_8' title="bbox 243 1600 772 1707">
     <span class='ocr_line' id='line_1_11' title="bbox 243 1600 772 1707; baseline -0.017 -26"><span class='ocrx_word' id='word_1_60' title='bbox 243 1625 282 1681; x_wconf 89' lang='lat' dir='ltr'><strong>ut</strong></span> <span class='ocrx_word' id='word_1_61' title='bbox 310 1607 499 1707; x_wconf 86' lang='lat' dir='ltr'><strong>hospitum</strong></span> <span class='ocrx_word' id='word_1_62' title='bbox 526 1629 629 1706; x_wconf 83' lang='lat' dir='ltr'><strong>spem</strong></span> <span class='ocrx_word' id='word_1_63' title='bbox 657 1600 772 1673; x_wconf 85' lang='lat' dir='ltr'><strong>fallas.</strong></span> 
     </span>
    </p>

    <p class='ocr_par' dir='ltr' id='par_1_9' title="bbox 155 1719 1290 2152">
     <span class='ocr_line' id='line_1_12' title="bbox 236 1719 1290 1802; baseline -0.01 -14"><span class='ocrx_word' id='word_1_64' title='bbox 236 1726 379 1788; x_wconf 85' lang='lat' dir='ltr'><strong>&#39;l&#39;ebalah</strong></span> <span class='ocrx_word' id='word_1_65' title='bbox 405 1743 521 1784; x_wconf 88' lang='lat' dir='ltr'><strong>nornen</strong></span> <span class='ocrx_word' id='word_1_66' title='bbox 551 1722 691 1802; x_wconf 84' lang='lat' dir='ltr'><strong>regionis</strong></span> <span class='ocrx_word' id='word_1_67' title='bbox 728 1719 843 1780; x_wconf 77' lang='lat' dir='ltr'><strong>fertilis</strong></span> <span class='ocrx_word' id='word_1_68' title='bbox 871 1719 903 1778; x_wconf 91' lang='lat' dir='ltr'><strong>in</strong></span> <span class='ocrx_word' id='word_1_69' title='bbox 932 1724 1015 1778; x_wconf 87' lang='lat' dir='ltr'><strong>terra</strong></span> <span class='ocrx_word' id='word_1_70' title='bbox 1050 1719 1158 1778; x_wconf 88' lang='lat' dir='ltr'><strong>lemen</strong></span> <span class='ocrx_word' id='word_1_71' title='bbox 1197 1729 1257 1778; x_wconf 88' lang='lat' dir='ltr'><strong>cst.</strong></span> <span class='ocrx_word' id='word_1_72' title='bbox 1288 1769 1290 1773; x_wconf 96' lang='lat'><em>.</em></span> 
     </span>
     <span class='ocr_line' id='line_1_13' title="bbox 155 1807 1258 1924; baseline -0.008 -31"><span class='ocrx_word' id='word_1_73' title='bbox 155 1833 291 1912; x_wconf 77' lang='lat' dir='ltr'><strong>Legitur</strong></span> <span class='ocrx_word' id='word_1_74' title='bbox 312 1847 440 1910; x_wconf 89' lang='lat' dir='ltr'><strong>quoque</strong></span> <span class='ocrx_word' id='word_1_75' title='bbox 462 1829 494 1892; x_wconf 84' lang='lat' dir='ltr'><strong>in</strong></span> <span class='ocrx_word' id='word_1_76' title='bbox 515 1825 685 1906; x_wconf 86' lang='lat' dir='ltr'><strong>proverbio</strong></span> <span class='ocrx_word' id='word_1_77' title='bbox 708 1827 797 1924; x_wconf 42' lang='grc' dir='ltr'><strong>ὣς</strong></span> <span class='ocrx_word' id='word_1_78' title='bbox 829 1823 974 1901; x_wconf 79' lang='lat' dir='ltr'><strong>(habitas</strong></span> <span class='ocrx_word' id='word_1_79' title='bbox 996 1843 1015 1883; x_wconf 94' lang='lat' dir='ltr'><strong>o</strong></span> <span class='ocrx_word' id='word_1_80' title='bbox 1037 1807 1188 1897; x_wconf 76' lang='lat' dir='ltr'><strong>feminal)</strong></span> <span class='ocrx_word' id='word_1_81' title='bbox 1225 1831 1258 1884; x_wconf 91' lang='lat' dir='ltr'><strong>et</strong></span> 
     </span>
     <span class='ocr_line' id='line_1_14' title="bbox 157 1945 1257 2051; baseline -0.004 -41"><span class='ocrx_word' id='word_1_82' title='bbox 157 1960 276 2051; x_wconf 45' lang='grc' dir='ltr'><strong>ὕφ’.</strong></span> <span class='ocrx_word' id='word_1_83' title='bbox 320 1952 451 2009; x_wconf 90' lang='lat' dir='ltr'><strong>laeum</strong></span> <span class='ocrx_word' id='word_1_84' title='bbox 482 1946 608 2027; x_wconf 87' lang='lat' dir='ltr'><strong>dicitur,</strong></span> <span class='ocrx_word' id='word_1_85' title='bbox 631 1946 683 2026; x_wconf 91' lang='lat' dir='ltr'><strong>qui</strong></span> <span class='ocrx_word' id='word_1_86' title='bbox 704 1945 871 2027; x_wconf 81' lang='lat' dir='ltr'><strong>beneficia,</strong></span> <span class='ocrx_word' id='word_1_87' title='bbox 894 1963 977 2025; x_wconf 88' lang='lat' dir='ltr'><strong>quae</strong></span> <span class='ocrx_word' id='word_1_88' title='bbox 1006 1946 1037 2006; x_wconf 92' lang='lat' dir='ltr'><strong>in</strong></span> <span class='ocrx_word' id='word_1_89' title='bbox 1065 1947 1146 2006; x_wconf 86' lang='lat' dir='ltr'><strong>alios</strong></span> <span class='ocrx_word' id='word_1_90' title='bbox 1176 1964 1257 2007; x_wconf 90' lang='lat' dir='ltr'><strong>con-</strong></span> 
     </span>
     <span class='ocr_line' id='line_1_15' title="bbox 159 2056 797 2152; baseline -0.008 -18"><span class='ocrx_word' id='word_1_91' title='bbox 159 2074 244 2134; x_wconf 84' lang='lat' dir='ltr'><strong>ferre</strong></span> <span class='ocrx_word' id='word_1_92' title='bbox 268 2071 450 2152; x_wconf 82' lang='lat' dir='ltr'><strong>consucvit,</strong></span> <span class='ocrx_word' id='word_1_93' title='bbox 474 2070 659 2152; x_wconf 86' lang='lat' dir='ltr'><strong>abrumpere</strong></span> <span class='ocrx_word' id='word_1_94' title='bbox 681 2072 759 2134; x_wconf 80' lang='lat' dir='ltr'><strong>vult</strong></span> <span class='ocrx_word' id='word_1_95' title='bbox 795 2056 797 2066; x_wconf 49' lang='lat'>¹</span> 
     </span>
    </p>
   </div>
   <div class='ocr_carea' id='block_1_9' title="bbox 156 2751 1259 2970">
    <p class='ocr_par' dir='ltr' id='par_1_10' title="bbox 156 2751 1259 2970">
     <span class='ocr_line' id='line_1_16' title="bbox 156 2751 1259 2853; baseline -0.006 -25"><span class='ocrx_word' id='word_1_96' title='bbox 156 2768 191 2828; x_wconf 76' lang='grc'><strong>4.</strong></span> <span class='ocrx_word' id='word_1_97' title='bbox 246 2751 331 2828; x_wconf 90' lang='lat' dir='ltr'><strong>Non</strong></span> <span class='ocrx_word' id='word_1_98' title='bbox 357 2770 412 2826; x_wconf 89' lang='lat' dir='ltr'><strong>est</strong></span> <span class='ocrx_word' id='word_1_99' title='bbox 438 2778 495 2826; x_wconf 87' lang='lat' dir='ltr'><strong>res</strong></span> <span class='ocrx_word' id='word_1_100' title='bbox 523 2755 557 2824; x_wconf 94' lang='lat' dir='ltr'><strong>in</strong></span> <span class='ocrx_word' id='word_1_101' title='bbox 587 2769 687 2824; x_wconf 85' lang='lat' dir='ltr'><strong>terra</strong></span> <span class='ocrx_word' id='word_1_102' title='bbox 713 2751 773 2824; x_wconf 71' lang='lat' dir='ltr'><strong>die</strong></span> <span class='ocrx_word' id='word_1_103' title='bbox 752 2754 871 2853; x_wconf 80' lang='lat' dir='ltr'><strong>gnior,</strong></span> <span class='ocrx_word' id='word_1_104' title='bbox 899 2779 997 2852; x_wconf 86' lang='lat' dir='ltr'><strong>quae</strong></span> <span class='ocrx_word' id='word_1_105' title='bbox 1025 2751 1126 2824; x_wconf 86' lang='lat' dir='ltr'><strong>diu</strong></span> <span class='ocrx_word' id='word_1_106' title='bbox 1117 2779 1154 2823; x_wconf 90' lang='lat' dir='ltr'><strong>rn</strong></span> <span class='ocrx_word' id='word_1_107' title='bbox 1182 2778 1259 2824; x_wconf 88' lang='lat' dir='ltr'><strong>cat·</strong></span> 
     </span>
     <span class='ocr_line' id='line_1_17' title="bbox 242 2867 892 2970; baseline -0.005 -27"><span class='ocrx_word' id='word_1_108' title='bbox 242 2898 327 2943; x_wconf 84' lang='lat' dir='ltr'><strong>ecre</strong></span> <span class='ocrx_word' id='word_1_109' title='bbox 354 2868 583 2958; x_wconf 85' lang='lat' dir='ltr'><strong>includatur,</strong></span> <span class='ocrx_word' id='word_1_110' title='bbox 611 2896 725 2970; x_wconf 88' lang='lat' dir='ltr'><strong>quam</strong></span> <span class='ocrx_word' id='word_1_111' title='bbox 751 2867 892 2967; x_wconf 80' lang='lat' dir='ltr'><strong>lingua.</strong></span> 
     </span>
    </p>
   </div>
   <div class='ocr_carea' id='block_1_10' title="bbox 240 3003 1372 3105">
    <p class='ocr_par' dir='ltr' id='par_1_11' title="bbox 240 3003 1372 3105">
     <span class='ocr_line' id='line_1_18' title="bbox 240 3003 1372 3105; baseline -0.002 -39"><span class='ocrx_word' id='word_1_112' title='bbox 240 3005 369 3086; x_wconf 80' lang='lat' dir='ltr'><strong>Duplici</strong></span> <span class='ocrx_word' id='word_1_113' title='bbox 390 3003 484 3066; x_wconf 91' lang='lat' dir='ltr'><strong>modo</strong></span> <span class='ocrx_word' id='word_1_114' title='bbox 506 3025 574 3066; x_wconf 88' lang='lat' dir='ltr'><strong>vox</strong></span> <span class='ocrx_word' id='word_1_115' title='bbox 594 3009 683 3105; x_wconf 44' lang='lat' dir='ltr'><strong>(³7:ss</strong></span> <span class='ocrx_word' id='word_1_116' title='bbox 703 3005 903 3087; x_wconf 72' lang='lat' dir='ltr'><strong>enunciatur7</strong></span> <span class='ocrx_word' id='word_1_117' title='bbox 933 3012 988 3066; x_wconf 84' lang='lat' dir='ltr'><strong>aut</strong></span> <span class='ocrx_word' id='word_1_118' title='bbox 1010 3012 1060 3067; x_wconf 86' lang='lat' dir='ltr'><strong>est</strong></span> <span class='ocrx_word' id='word_1_119' title='bbox 1081 3004 1261 3066; x_wconf 84' lang='lat' dir='ltr'><strong>accusativi</strong></span> <span class='ocrx_word' id='word_1_120' title='bbox 1362 3035 1372 3056; x_wconf 60' lang='grc' dir='ltr'>κ</span> 
     </span>
    </p>
   </div>
   <div class='ocr_carea' id='block_1_11' title="bbox 158 3117 1260 3414">
    <p class='ocr_par' dir='ltr' id='par_1_12' title="bbox 158 3117 1260 3414">
     <span class='ocr_line' id='line_1_19' title="bbox 159 3117 1259 3202; baseline 0 -20"><span class='ocrx_word' id='word_1_121' title='bbox 159 3137 257 3182; x_wconf 83' lang='lat' dir='ltr'><strong>casus</strong></span> <span class='ocrx_word' id='word_1_122' title='bbox 279 3120 407 3186; x_wconf 81' lang='lat' dir='ltr'><strong>dialecti</strong></span> <span class='ocrx_word' id='word_1_123' title='bbox 427 3119 569 3202; x_wconf 80' lang='lat' dir='ltr'><strong>regionis</strong></span> <span class='ocrx_word' id='word_1_124' title='bbox 591 3117 708 3200; x_wconf 85' lang='lat' dir='ltr'><strong>Hidjas</strong></span> <span class='ocrx_word' id='word_1_125' title='bbox 731 3119 853 3180; x_wconf 88' lang='lat' dir='ltr'><strong>ratione</strong></span> <span class='ocrx_word' id='word_1_126' title='bbox 875 3120 981 3183; x_wconf 87' lang='lat' dir='ltr'><strong>habita</strong></span> <span class='ocrx_word' id='word_1_127' title='bbox 1000 3131 1055 3184; x_wconf 86' lang='lat' dir='ltr'><strong>aut</strong></span> <span class='ocrx_word' id='word_1_128' title='bbox 1075 3121 1259 3184; x_wconf 87' lang='lat' dir='ltr'><strong>nominativi</strong></span> 
     </span>
     <span class='ocr_line' id='line_1_20' title="bbox 159 3223 1260 3308; baseline 0 -20"><span class='ocrx_word' id='word_1_129' title='bbox 159 3243 256 3290; x_wconf 82' lang='lat' dir='ltr'><strong>casus</strong></span> <span class='ocrx_word' id='word_1_130' title='bbox 297 3225 434 3287; x_wconf 85' lang='lat' dir='ltr'><strong>dialecto</strong></span> <span class='ocrx_word' id='word_1_131' title='bbox 463 3224 571 3308; x_wconf 85' lang='lat' dir='ltr'><strong>gentis</strong></span> <span class='ocrx_word' id='word_1_132' title='bbox 610 3223 732 3288; x_wconf 79' lang='lat' dir='ltr'><strong>&#39;ramim</strong></span> <span class='ocrx_word' id='word_1_133' title='bbox 757 3223 918 3304; x_wconf 71' lang='lat' dir='ltr'><strong>&#39;proprius</strong></span> <span class='ocrx_word' id='word_1_134' title='bbox 960 3228 1171 3290; x_wconf 86' lang='lat' dir='ltr'><strong>Proverbium</strong></span> <span class='ocrx_word' id='word_1_135' title='bbox 1201 3246 1260 3289; x_wconf 87' lang='lat' dir='ltr'><strong>nos</strong></span> 
     </span>
     <span class='ocr_line' id='line_1_21' title="bbox 158 3329 1213 3414; baseline 0.001 -20"><span class='ocrx_word' id='word_1_136' title='bbox 158 3340 276 3414; x_wconf 88' lang='lat' dir='ltr'><strong>monet,</strong></span> <span class='ocrx_word' id='word_1_137' title='bbox 300 3333 387 3394; x_wconf 92' lang='lat' dir='ltr'><strong>utin</strong></span> <span class='ocrx_word' id='word_1_138' title='bbox 409 3349 557 3392; x_wconf 84' lang='lat' dir='ltr'><strong>sermone</strong></span> <span class='ocrx_word' id='word_1_139' title='bbox 579 3329 664 3391; x_wconf 87' lang='lat' dir='ltr'><strong>cauti</strong></span> <span class='ocrx_word' id='word_1_140' title='bbox 685 3331 798 3412; x_wconf 87' lang='lat' dir='ltr'><strong>sirnus,</strong></span> <span class='ocrx_word' id='word_1_141' title='bbox 820 3351 862 3392; x_wconf 93' lang='lat' dir='ltr'><strong>ne</strong></span> <span class='ocrx_word' id='word_1_142' title='bbox 884 3332 997 3396; x_wconf 87' lang='lat' dir='ltr'><strong>damno</strong></span> <span class='ocrx_word' id='word_1_143' title='bbox 1020 3333 1213 3398; x_wconf 83' lang='lat' dir='ltr'><strong>adficiamur.</strong></span> 
     </span>
    </p>
   </div>
   <div class='ocr_carea' id='block_1_12' title="bbox 544 3451 1080 3502">
    <p class='ocr_par' dir='ltr' id='par_1_13' title="bbox 544 3451 1080 3502">
     <span class='ocr_line' id='line_1_22' title="bbox 544 3451 1080 3502; baseline 0.006 -6"><span class='ocrx_word' id='word_1_144' title='bbox 544 3475 597 3495; x_wconf 61' lang='lat' dir='ltr'><strong>aa</strong></span> <span class='ocrx_word' id='word_1_145' title='bbox 656 3466 672 3496; x_wconf 88' lang='grc'><strong>0</strong></span> <span class='ocrx_word' id='word_1_146' title='bbox 749 3451 1003 3502; x_wconf 60' lang='grc' dir='ltr'><strong>)σοἓ5καο</strong></span> <span class='ocrx_word' id='word_1_147' title='bbox 1062 3479 1080 3499; x_wconf 60' lang='lat' dir='ltr'><em>a</em></span> 
     </span>
    </p>
   </div>
   <div class='ocr_carea' id='block_1_13' title="bbox 160 3724 1329 3962">
    <p class='ocr_par' dir='ltr' id='par_1_14' title="bbox 160 3724 1329 3962">
     <span class='ocr_line' id='line_1_23' title="bbox 160 3724 1329 3834; baseline 0.001 -31"><span class='ocrx_word' id='word_1_148' title='bbox 160 3737 195 3803; x_wconf 90' lang='lat'><strong>5.</strong></span> <span class='ocrx_word' id='word_1_149' title='bbox 248 3727 332 3800; x_wconf 92' lang='lat' dir='ltr'><strong>Non</strong></span> <span class='ocrx_word' id='word_1_150' title='bbox 358 3745 412 3800; x_wconf 83' lang='lat' dir='ltr'><strong>est</strong></span> <span class='ocrx_word' id='word_1_151' title='bbox 430 3726 662 3832; x_wconf 81' lang='lat' dir='ltr'><strong>eleemosyna</strong></span> <span class='ocrx_word' id='word_1_152' title='bbox 684 3731 948 3830; x_wconf 74' lang='lat' dir='ltr'><strong>praestantior,</strong></span> <span class='ocrx_word' id='word_1_153' title='bbox 976 3757 1089 3834; x_wconf 82' lang='lat' dir='ltr'><strong>quam</strong></span> <span class='ocrx_word' id='word_1_154' title='bbox 1107 3724 1263 3804; x_wconf 82' lang='lat' dir='ltr'><strong>eleemo·</strong></span> <span class='ocrx_word' id='word_1_155' title='bbox 1305 3769 1329 3780; x_wconf 54' lang='lat'><strong>⁴-</strong></span> 
     </span>
     <span class='ocr_line' id='line_1_24' title="bbox 246 3862 480 3962; baseline 0 -30"><span class='ocrx_word' id='word_1_156' title='bbox 246 3885 338 3962; x_wconf 80' lang='lat' dir='ltr'><strong>syna</strong></span> <span class='ocrx_word' id='word_1_157' title='bbox 366 3862 480 3936; x_wconf 64' lang='lat' dir='ltr'><strong>vendi.</strong></span> 
     </span>
    </p>
   </div>
   <div class='ocr_carea' id='block_1_14' title="bbox 116 4025 1263 4218">
    <p class='ocr_par' dir='ltr' id='par_1_15' title="bbox 116 4025 1263 4218">
     <span class='ocr_line' id='line_1_25' title="bbox 116 4025 1263 4110; baseline 0 -22"><span class='ocrx_word' id='word_1_158' title='bbox 116 4067 120 4076; x_wconf 88' lang='lat'>·</span> <span class='ocrx_word' id='word_1_159' title='bbox 210 4025 246 4088; x_wconf 90' lang='lat' dir='ltr'><strong>ld</strong></span> <span class='ocrx_word' id='word_1_160' title='bbox 268 4034 334 4089; x_wconf 83' lang='lat' dir='ltr'><strong>est:</strong></span> <span class='ocrx_word' id='word_1_161' title='bbox 366 4025 470 4105; x_wconf 82' lang='lat' dir='ltr'><strong>Quam</strong></span> <span class='ocrx_word' id='word_1_162' title='bbox 496 4029 642 4110; x_wconf 85' lang='lat' dir='ltr'><strong>verbum,</strong></span> <span class='ocrx_word' id='word_1_163' title='bbox 669 4046 753 4109; x_wconf 88' lang='lat' dir='ltr'><strong>quae</strong></span> <span class='ocrx_word' id='word_1_164' title='bbox 786 4027 954 4088; x_wconf 86' lang='lat' dir='ltr'><strong>veritatem</strong></span> <span class='ocrx_word' id='word_1_165' title='bbox 975 4027 1097 4107; x_wconf 85' lang='lat' dir='ltr'><strong>probat.</strong></span> <span class='ocrx_word' id='word_1_166' title='bbox 1119 4027 1263 4088; x_wconf 82' lang='lat' dir='ltr'><strong>Prover-</strong></span> 
     </span>
     <span class='ocr_line' id='line_1_26' title="bbox 160 4133 1259 4218; baseline -0.002 -22"><span class='ocrx_word' id='word_1_167' title='bbox 160 4135 353 4197; x_wconf 89' lang='lat' dir='ltr'><strong>biumnobis</strong></span> <span class='ocrx_word' id='word_1_168' title='bbox 396 4137 523 4216; x_wconf 84' lang='lat' dir='ltr'><strong>linguae</strong></span> <span class='ocrx_word' id='word_1_169' title='bbox 561 4134 740 4195; x_wconf 84' lang='lat' dir='ltr'><strong>custodiam</strong></span> <span class='ocrx_word' id='word_1_170' title='bbox 779 4133 1021 4218; x_wconf 84' lang='lat' dir='ltr'><strong>commendare,</strong></span> <span class='ocrx_word' id='word_1_171' title='bbox 1043 4133 1123 4196; x_wconf 86' lang='lat' dir='ltr'><strong>dixit</strong></span> <span class='ocrx_word' id='word_1_172' title='bbox 1159 4135 1259 4196; x_wconf 86' lang='lat' dir='ltr'><strong>Meid.</strong></span> 
     </span>
    </p>
   </div>
   <div class='ocr_carea' id='block_1_15' title="bbox 159 4235 1260 4330">
    <p class='ocr_par' dir='ltr' id='par_1_16' title="bbox 159 4235 1260 4330">
     <span class='ocr_line' id='line_1_27' title="bbox 159 4235 1260 4330; baseline 0 -24"><span class='ocrx_word' id='word_1_173' title='bbox 159 4246 195 4306; x_wconf 91' lang='lat' dir='ltr'><strong>In</strong></span> <span class='ocrx_word' id='word_1_174' title='bbox 218 4241 477 4306; x_wconf 82' lang='lat' dir='ltr'><strong>Samochscharii</strong></span> <span class='ocrx_word' id='word_1_175' title='bbox 498 4261 598 4324; x_wconf 84' lang='lat' dir='ltr'><strong>opere</strong></span> <span class='ocrx_word' id='word_1_176' title='bbox 624 4257 727 4330; x_wconf 70' lang='lat' dir='ltr'><strong>voces</strong></span> <span class='ocrx_word' id='word_1_177' title='bbox 745 4235 844 4308; x_wconf 56' lang='lat' dir='ltr'><strong>xlma</strong></span> <span class='ocrx_word' id='word_1_178' title='bbox 857 4276 901 4328; x_wconf 59' lang='grc' dir='ltr'><strong>ο.</strong></span> <span class='ocrx_word' id='word_1_179' title='bbox 925 4244 1045 4308; x_wconf 80' lang='lat' dir='ltr'><strong>omissa</strong></span> <span class='ocrx_word' id='word_1_180' title='bbox 1064 4253 1158 4308; x_wconf 74' lang='lat' dir='ltr'><strong>aaut.</strong></span> <span class='ocrx_word' id='word_1_181' title='bbox 1191 4245 1260 4308; x_wconf 83' lang='lat' dir='ltr'><strong>Sa-</strong></span> 
     </span>
    </p>
   </div>
   <div class='ocr_carea' id='block_1_16' title="bbox 0 0 1525 4914">
    <p class='ocr_par' dir='ltr' id='par_1_17' title="bbox 0 0 1525 4914">
     <span class='ocr_line' id='line_1_28' title="bbox 0 0 1525 4914; baseline 0 0"><span class='ocrx_word' id='word_1_182' title='bbox 0 0 1525 4914; x_wconf 95' lang='lat' dir='ltr'><strong> </strong></span> 
     </span>
    </p>
   </div>
  </div>
 </body>
</html>
