3024 4912
670 378 712 390 -
754 346 818 409 406
859 377 901 390 ..

237 544 270 612 2.
324 535 363 609 Si
389 533 529 632 eligere
555 531 770 634 potuissem,
798 527 970 630 profecto
996 525 1202 628 elegissem!

319 684 451 748 Boihasi
479 689 555 744 sunt
579 681 680 745 verbe
706 679 791 742 oonf.
819 678 858 741 C.
884 678 947 758 IV,
973 677 1057 738 1.1n
1081 672 1347 738 Semeohsoherii
1417 697 1422 706 “

233 811 331 876 opere
351 789 555 872 proverbium
586 789 635 850 sio
655 786 840 849 adnotatum
862 794 930 846 est:
951 792 1057 872 ,ομ
1071 783 1091 851 u
1117 780 1270 877 ὄρ
1285 781 1346 871 ,J

234 913 358 1020 topi
382 913 556 999 „Quodsi
584 929 668 994 geos
701 907 840 994 eligendi
867 914 1061 989 potestatem
1102 904 1160 967 tibi
1188 903 1344 966 dodisset,

235 1043 270 1096 tu
291 1019 496 1112 elegisses!“

284 1140 334 1200 De
360 1135 431 1196 viro
460 1132 593 1211 dieitur,
614 1130 669 1210 qui
690 1127 784 1192 aliem
805 1145 889 1210 rom,
912 1131 1008 1208 quom
1035 1125 1096 1190 sibi
1120 1131 1345 1207 proposuerat,

237 1661 274 1730 3.
323 1653 363 1728 si
414 1651 482 1725 tibi
526 1652 631 1751 prior
668 1641 880 1746 (colaphus)
935 1639 1154 1715 interdictus
1184 1629 1343 1730 ¹fuisset,

219 1799 227 1806 ·
317 1806 339 1851 e
365 1776 571 1879 posteriore
596 1788 632 1846 te
659 1770 906 1844 abstinuisses!

319 1929 385 1992 lusi
403 1921 756 2000 ben-Abi-i'Hodjeir
796 1917 931 1998 ljediteo
962 1915 1063 1977 verbe
1094 1923 1177 1976 suot.
1219 1915 1342 1977 Eorum

184 2017 194 2036 Ι
234 2062 334 2108 coust
358 2044 398 2107 C.
429 2044 491 2126 IX,
511 2041 554 2103 24
583 2045 711 2101 narrato
732 2029 791 2096 est.
835 2034 925 2094 Loco
947 2031 1041 2100 vocis
1062 2028 1196 2114 ῳωῐ
1216 2031 1248 2090 in
1272 2031 1342 2092 Sa-

239 2165 451 2232 mtohsoherii
481 2163 594 2228 eodioe
615 2157 733 2254 &pii
759 2156 884 2239 iegitur.
927 2155 1061 2234 Legitur
1081 2171 1208 2234 quoque
1230 2148 1339 2248 opii.

234 2280 448 2344 Proverbium.
464 2275 605 2338 adhiberi
626 2274 668 2336 de
690 2289 793 2353 preve
814 2265 1058 2344 consuetudine,
1074 2284 1170 2347 quom
1192 2264 1263 2345 quis
1278 2282 1341 2326 oo-

235 2386 328 2468 perit,
350 2380 640 2448 Someohsohorius
661 2379 750 2444 dixit.

489 2527 806 2714 {uitiosi
843 2531 931 2722 ἐς).
953 2535 1007 2690 ,⁰5
1074 2577 1101 2668 e

235 2794 270 2870 4.
322 2792 360 2866 si
388 2793 538 2864 relictae
557 2790 713 2866 fuissent
740 2814 824 2860 aves
850 2788 990 2862 Kathao
1016 2801 1141 2876 noctu,
1160 2786 1336 2890 profecto
1460 2891 1465 2898 ι

325 2910 604 2987 dormivissent..

276 3060 335 3124 Sio
353 3070 497 3123 narrent:
519 3062 683 3132 Ahmruus
704 3061 918 3125 ben-Memoh
941 3081 1036 3142 quum
1058 3070 1170 3124 eontra
1194 3041 1340 3124 homines

233 3167 275 3230 ed
296 3176 426 3248 gentem
447 3170 562 3232 Mored
582 3171 778 3252 pertinentes
800 3180 910 3232 eostre
930 3170 1105 3251 posuisset,
1132 3170 1226 3232 istem
1253 3189 1340 3252 gen-

234 3279 300 3334 tem
322 3281 474 3336 nocturno
496 3277 615 3358 impetu
639 3297 713 3339 eum
733 3278 916 3363 invosurom
939 3293 1020 3337 eves
1046 3275 1154 3338 Kothe
1178 3294 1240 3338 suo
1265 3275 1339 3340 loeo

233 3378 396 3460 abegisse.
441 3380 531 3461 Ques
553 3402 649 3464 quem
679 3393 776 3446 noctu
806 3385 954 3446 volentes
977 3382 1046 3442 eius
1080 3401 1162 3442 uxor
1187 3381 1338 3465 vidisset,

234 3505 317 3564 eom,
338 3490 487 3560 meritum
508 3510 600 3554 suum
621 3499 657 3552 ut
678 3499 832 3571 moneret,
854 3492 918 3552 isto
939 3491 1039 3551 verba
1060 3492 1241 3571 protulisse.
1266 3489 1339 3552 Ad-

231 3592 378 3658 hibentur
398 3596 429 3657 iu
451 3615 535 3678 oum,
560 3595 616 3676 qui
637 3605 748 3656 eontra
769 3595 968 3659 voluntatem
989 3613 1101 3670 suem,
1123 3604 1245 3660 utrem
1273 3596 1336 3677 ipsi

231 3700 388 3784 ingratam
403 3710 551 3782 peragat,
565 3703 701 3783 cogitur.
724 3699 1010 3764 Almofadhdhelus
1022 3699 1109 3782 dixit,
1126 3701 1190 3762 iste
1202 3702 1303 3764 verbe
1317 3720 1339 3765 a

230 3806 525 3870 mulierefledromi
536 3809 708 3890 appellato,
723 3826 808 3888 quoe
821 3805 887 3870 iiiia
897 3805 1055 3890 Alrojjeni
1067 3817 1169 3890 esset,
1179 3809 1335 3891 originem

231 3913 375 3976 duxisse.
383 3912 467 3980 oonf.
481 3912 518 3974 C.
534 3914 628 3984 XXI,
641 3913 692 3974 61.
703 3910 890 3994 Altejjonus
909 3931 981 3975 oum
994 3913 1234 3995 quatuordeeim
1252 3933 1338 3996 gen-

230 4019 316 4081 tihus
335 4017 586 4080 Jemooensibus
601 4026 714 4080 eontra
731 4018 905 4080 Ahthieum
922 4017 1151 4098 ben-Chelledj
1171 4027 1204 4081 et
1219 4027 1337 4102 gentes

231 4122 423 4205 Chotsehm‚
444 4122 587 4205 Himjer,
610 4122 742 4207 Djohiijj
768 4131 801 4186 et
821 4123 968 4187 Homdoo
983 4142 1091 4204 uuum
1122 4124 1239 4186 aeriter
1273 4144 1338 4205 pu-

229 4235 375 4311 gnasset,
396 4236 493 4291 nootu
515 4249 587 4294 oum
611 4232 678 4294 suis
703 4233 783 4314 suge
804 4231 842 4296 se*
863 4229 1025 4294 subduxit.
1068 4230 1245 4306 Ahthious,
1282 4227 1338 4310 qui
