3006 4908
670 345 900 409 ..204-

229 513 272 596 re.
316 533 480 596 Proverbii
508 549 626 593 sensus
655 537 721 590 est:
762 519 824 588 'Ad
852 533 885 588 te
913 526 1016 606 ipsum
1048 521 1117 584 redi
1145 528 1179 582 et
1214 520 1330 582 bouum

228 651 316 704 tuun
337 661 358 702 a
378 642 461 702 male
483 649 539 702 tue
560 630 729 700 discerne!

232 1073 290 1140 17.
342 1063 526 1152 Camelus,
554 1060 645 1135 dum
684 1061 816 1160 ligatus
855 1073 920 1146 est,
960 1055 1130 1130 defendit
1173 1057 1333 1130 camelas
1365 1093 1369 1098 ·

352 1205 447 1254 suas.

257 1275 262 1282 ¹
314 1313 480 1375 Carmelum
507 1309 630 1373 indoles
665 1327 828 1392 generosa
864 1310 905 1372 ad
940 1289 1157 1372 defendendas
1189 1313 1332 1372 camelas

228 1419 370 1502 impellit,
394 1419 456 1480 etsi
478 1417 606 1478 vinculo
628 1417 744 1497 ligatus
768 1425 829 1479 est.
872 1415 1076 1482 Vocabulum
1098 1415 1167 1505 ,lje
1188 1436 1246 1479 eas
1269 1435 1329 1512 ca-

229 1544 329 1605 meles
351 1540 475 1622 proprie
508 1538 669 1620 designat,
700 1556 783 1617 quae
811 1538 894 1600 omui
926 1539 1009 1601 lacte
1038 1548 1149 1603 carent
1175 1547 1229 1602 aut
1259 1549 1333 1620 pest

136 1687 153 1734 .-
229 1659 353 1732 partum
374 1647 544 1726 septimum
567 1646 619 1708 vel
642 1654 793 1712 octavum
814 1665 957 1708 recursem
980 1655 1126 1729 agentes.
1168 1650 1205 1709 ln
1226 1650 1330 1710 virum

229 1774 434 1840 generosum,
458 1755 510 1836 qui
533 1753 711 1816 omnimode
734 1743 884 1817 familiam
906 1771 998 1816 suom
1022 1762 1134 1836 cerrtra
1164 1755 1248 1817 mela
1269 1754 1332 1818 de·-

231 1863 341 1946 lendit,
363 1862 560 1924 transfertur.
597 1861 807 1926 Admetrum
830 1861 926 1922 Sarih
947 1863 1093 1941 pertinet.
1112 1881 1142 1942 p.
1163 1861 1236 1922 246.

233 2282 287 2350 l&
343 2273 555 2368 Quamnam
581 2273 630 2345 ob
659 2297 805 2344 causam
833 2295 972 2368 onager
998 2268 1197 2346 decubuit?

311 2405 422 2468 Verba
443 2405 527 2465 haec
548 2402 795 2467 Amru-l’Kaise
819 2411 935 2483 poetae
951 2399 1181 2468 adscribuntur.
1226 2407 1335 2484 Quum

230 2512 281 2574 ille
297 2510 337 2571 ab
360 2512 550 2591 imperatore
564 2507 761 2580 Graecorum
783 2517 910 2571 vestem
923 2516 1115 2570 venenatam
1138 2513 1335 2594 accepisset,

231 2622 342 2686 exiens
365 2639 518 2704 onagrum
540 2616 797 2697 decumbentem,
820 2635 913 2698 quem
930 2616 1060 2698 invenit,
1073 2619 1259 2682 mutuemini
1271 2623 1333 2683 srbi

231 2731 329 2794 duxit.
372 2729 472 2792 Cuius
493 2728 539 2790 rei
560 2726 708 2788 solatium
730 2724 791 2804 ipsi
821 2725 906 2786 ferre
935 2725 1135 2790 studentibus
1164 2730 1227 2790 ista
1256 2729 1337 2794 dixit

230 2838 333 2899 verba
353 2834 605 2916 significaturus,
628 2851 666 2892 se
687 2832 872 2892 meriturum
890 2849 973 2892 esse.
994 2831 1202 2895 Proverbium
1231 2835 1271 2894 dc
1300 2856 1336 2897 re

231 2942 414 3023 adhibetur,
446 2940 497 3001 cui
531 2939 637 2999 insunt
676 2937 790 3014 indicia
825 2937 986 3000 contraria
1020 2940 1149 3002 eliorum
1187 2943 1334 3003 sermoni.

232 3049 335 3114 conf.
356 3043 592 3128 Amru·l’Kaisi
615 3045 779 3108 Meallalra
801 3064 829 3125 p.
860 3047 890 3107 8.
914 3043 989 3106 edit.
1012 3046 1051 3107 cl.
1073 3047 1334 3129 Hengstenberg.
1404 3095 1409 3102 .

234 3459 292 3532 19.
343 3455 386 3526 ln
413 3453 526 3528 dome
551 3479 616 3526 sua
643 3451 691 3526 ad
719 3451 880 3526 iudicem
906 3453 1134 3536 ¹veniendum
1161 3471 1224 3530 est.
1272 3507 1278 3516 ·

314 3605 525 3670 Proverbium
546 3605 609 3665 lrec
630 3601 757 3664 Arabes
780 3602 919 3662 lacertae
941 3601 1133 3663 adscribunt.
1170 3603 1336 3664 Fabulae-

218 3700 293 3798 'tur,
315 3715 443 3794 vulpem
466 3712 565 3790 lepori
580 3707 758 3788 dactylum,
780 3725 874 3786 quern
897 3707 924 3767 is
938 3707 1092 3790 cepisset,
1122 3709 1281 3794 eripuisse
1304 3720 1337 3772 et

233 3820 350 3884 edisse.
371 3821 549 3898 Utrumque
572 3815 613 3876 ad
635 3814 787 3876 lacertam
810 3814 957 3894 venisse,
979 3822 1013 3874 ut
1036 3835 1075 3876 ea
1096 3813 1244 3878 iudicium
1267 3817 1335 3876 fer-

233 3937 291 3990 ret.
319 3929 479 4008 Leporem
501 3925 638 3986 dixisse:
669 3921 696 3984 0
719 3930 810 4006 pater
830 3919 952 4003 parvae
973 3924 1128 3988 lacertae!
1163 3925 1335 3987 Lacertam

197 4067 206 4074 ·
232 4036 457 4118 respoudisse:
479 4027 1336 4124 impehwffludientemvocasti“.Dixissclepus:
1384 4119 1387 4126 ,
1430 4095 1435 4104 ,

188 4244 190 4248 ¹
236 4161 416 4244 „Venimus
424 4158 510 4222 adte
525 4152 724 4242 litigantes‘t
744 4155 968 4236 Respondisse
983 4155 1083 4217 illam:
1108 4155 1233 4228 aar>
1260 4155 1337 4223 “leta

235 4283 379 4362 „lustum
400 4281 494 4355 vebis
516 4279 651 4370 iudicem
675 4275 921 4344 coristituistis“.
944 4281 1075 4345 Dixisse
1093 4283 1253 4361 leporem:
1276 4281 1337 4343 Exi
