2986 4914
587 311 871 404 -aaa-'

145 477 234 602 le.
287 523 451 614 Quando
493 525 565 597 luit
602 527 670 597 Dei
704 526 879 624 sapientia
913 525 950 596 in
985 521 1108 598 infima
1149 537 1255 626 parte

285 676 476 722 ramorum
503 647 673 753 palmae?
824 652 829 660 ’

229 801 473 862 Hemistichium
502 801 594 861 metri
626 800 752 863 Thawil
784 808 844 862 est.
873 820 905 880 p.
937 800 1007 862 160.
1036 799 1125 861 Dixit
1157 800 1253 860 Abu-

146 907 326 984 Olrbairlus,
354 906 514 989 proverbii
536 907 634 968 verba
659 905 786 986 Djeriro
809 904 1086 967 ben-Alchathafi
1107 903 1253 966 adscribi.

145 1015 283 1076 Dixerat
309 1015 340 1075 in
369 1033 441 1075 enm
468 1021 566 1095 poeta
588 1022 726 1094 egente
748 1011 982 1092 Ahbd-Allrais
1004 1011 1088 1073 hunc
1112 1003 1240 1072 versum

171 1135 274 1264 aa
300 1134 447 1278 333
473 1127 554 1271 at
696 1135 763 1226 :a
790 1135 987 1268 333
1012 1135 1033 1224 r
1060 1135 1145 1268 33
1170 1125 1229 1252 a

148 1333 272 1397 „Video
301 1343 449 1416 poetam,
479 1354 543 1396 non
572 1343 623 1396 est
647 1334 742 1396 hodie
764 1343 859 1415 poeta
883 1334 912 1395 ei
934 1333 1060 1415 similis,
1082 1331 1253 1412 Djerirum,

187 1439 246 1502 sod
269 1440 299 1501 in
323 1440 457 1502 Colaibo
475 1450 530 1510 est
550 1440 736 1502 humilitasu.
757 1441 897 1503 Mettum
912 1440 1038 1501 'l'hawil
1055 1448 1115 1500 est.
1137 1459 1168 1524 p.
1184 1439 1253 1500 161.

226 1547 407 1630 Respondit
426 1547 571 1627 Djerirus
593 1547 685 1610 hisce
706 1547 833 1608 verbis:

141 1673 329 1814 33333
347 1709 376 1812 r
393 1677 454 1813 a
475 1677 551 1804 5³2
577 1685 642 1802 33
668 1685 742 1802 aa
766 1719 880 1803 aa
899 1688 984 1814 334
1010 1665 1091 1810 aa
1114 1680 1162 1804 3
1189 1667 1256 1792 ti

147 1877 267 1958 affixit,
289 1886 322 1936 et
343 1897 405 1956 non
427 1875 553 1938 cohibui
576 1877 736 1956 lacrymas
758 1838 849 1937 meas
870 1883 1094 1956 properantes:
1117 1873 1254 1954 Quando

186 1981 246 2042 suit
264 1980 422 2061 sapientia
443 1980 504 2040 Dei
524 1981 555 2040 in
576 1980 682 2041 infima
703 1990 794 2060 parte
816 1982 895 2042 rami
916 1975 1067 2063 palmae?

231 2086 288 2148 Sic
311 2085 408 2167 dixit,
430 2093 464 2146 ut
492 2085 698 2166 significaret,
727 2086 790 2146 Dei
821 2087 1008 2165 sapientiam
1037 2106 1101 2148 non
1125 2089 1253 2148 esseio

143 2191 294 2272 agricolis
330 2183 369 2252 et⁴
390 2194 565 2271 palmarum
586 2192 851 2275 possessoribus,
874 2195 1019 2274 quoniam
1049 2191 1124 2254 ditio
1147 2194 1254 2275 gentis

147 2298 396 2360 Anto-Amaia
438 2299 552 2380 palmis
595 2299 785 2361 abundabat.
849 2300 930 2365 conf.
956 2288 1084 2380 'Djeub
1124 2319 1150 2363 s.
1170 2303 1252 2398 9²5,

147 2422 357 2484 Proverbium
379 2421 419 2482 do
440 2423 509 2483 viro
531 2420 706 2505 adhibetur,
729 2423 783 2504 qui
805 2422 846 2484 ad
876 2433 1038 2486 certamen
1077 2423 1116 2486 de
1138 2426 1253 2487 excel-

43 2534 45 2538 ’
144 2531 240 2591 lentio
261 2538 417 2611 provocat
438 2531 501 2591 isto
524 2530 698 2592 certamine
720 2530 879 2612 indignus.
903 2531 1114 2592 Semachsclr.

380 2685 915 2878 stammam·
990 2736 1035 2819 m

141 2949 222 3024 126.
274 2909 368 3018 'Non
412 2947 545 3019 iniuste
602 2950 659 3048 egi
710 2965 847 3060 contra.
893 2925 977 3021 euni
1035 2950 1248 3024 scrobiculo

278 3071 402 3144 nuclei
430 3069 567 3171 dactyli
587 3087 622 3144 et
650 3070 747 3172 pelle
774 3075 811 3145 in
839 3071 962 3182 medio
981 3078 1071 3148 ossis
1098 3074 1247 3174 dactyli.

225 3233 262 3294 ld
285 3241 350 3296 est:
371 3235 470 3296 Nullo
492 3236 587 3298 modo
610 3235 816 3300 contre-eum
839 3237 954 3298 iniuste
980 3238 1042 3318 egi.
1156 3274 1158 3278 .

214 3355 369 3516 333
391 3363 517 3544 jtt
537 3381 596 3536 ry
623 3378 807 3565 3333
843 3347 1034 3529 aar
1105 3429 1166 3526 ,p

138 3638 223 3712 127.
275 3637 360 3710 Non
397 3653 483 3712 sunt
514 3641 607 3712 rami
642 3587 788 3740 palmae
817 3655 857 3710 ut
885 3638 1050 3712 medulla
1087 3637 1245 3738 palmae,

277 3788 355 3834 non
389 3764 527 3836 lacerta
567 3769 754 3864 variegata
782 3761 957 3840 Chonnas
982 3761 1173 3864 appellata
1204 3777 1244 3834 ut

286 3886 423 3960 lacerta
449 3903 629 3961 venenata
655 3877 858 3958 Tsoahbali
884 3888 1080 3988 appellata.
1125 3968 1127 3972 ¹

222 4033 295 4095 Duo
317 4035 491 4117 proverbia
508 4053 585 4098 esse
606 4033 764 4116 videntur,
787 4053 922 4115 quorum
945 4036 1033 4115 prius
1056 4051 1150 4094 unam
1178 4050 1245 4096 rem

135 4140 229 4201 alteri
260 4141 505 4221 praeferendam
542 4159 618 4203 esse
644 4138 815 4220 siguificat.
860 4141 938 4204 Vox
958 4145 1246 4226 tt...4...2.....3·

135 4257 310 4326 'lsoalrbah
337 4281 485 4327 crassam
508 4261 671 4347 significat
700 4263 853 4326 lacertam
873 4263 966 4327 viridi
988 4267 1114 4347 capite,
1136 4281 1245 4328 vene-
