2986 4914
707 337 746 390 .··
789 306 935 368 oro-

635 514 715 654 ss>
751 587 793 657 aa
832 527 870 637 la
941 557 987 642 ‘ll'

250 764 311 838 64.
359 764 444 868 ¹Non
471 779 525 836 est
552 765 587 833 in
616 785 660 833 eo
696 759 836 833 vitium.

283 935 409 997 Vocem
431 937 494 1001 ιώ·
516 933 689 997 cohaerere
710 940 928 994 censentcum
950 929 1028 1014 palli
1044 927 1182 1010 moilto
1207 933 1360 1016 cordio,

251 1075 314 1140 quo
336 1058 450 1121 eodem
472 1057 524 1118 die
545 1057 688 1118 camelus
711 1057 849 1117 moritur.

512 1252 604 1405 ᾧ(
639 1211 894 1360 &mg
935 1245 972 1336 la
1045 1263 1086 1342 lo

249 1473 307 1542 65.
358 1472 445 1543 Non
472 1468 674 1542 collocatus
702 1484 753 1540 est
788 1493 916 1539 servus
946 1482 985 1538 ut
1013 1470 1125 1568 ipsius
1166 1467 1355 1541 dominus.

297 1617 407 1678 Verba
429 1615 510 1678 haec
531 1617 675 1680 Rabialro
703 1615 907 1696 ben-Djerad
934 1615 1089 1676 Alaslami
1118 1614 1354 1678 adscribuntur.

250 1725 390 1790 Causam
428 1735 536 1787 eorum
578 1724 661 1786 hanc
699 1725 804 1786 luisse
822 1731 977 1789 narrant.
1026 1721 1239 1784 Alkahkahus
1272 1724 1357 1784 ben-

246 1831 389 1895 Mahbad
410 1831 636 1895 ben-Sorarah
657 1830 851 1894 ben-Ohdos
873 1828 1038 1892 ben-Said
1059 1829 1358 1893 ben-Ahbd·Allah

247 1939 448 2003 ben-Darem
475 1947 508 2000 et
530 1937 691 2000 Chaledus
719 1937 896 2000 beu-Ribih
918 1935 1094 1998 ben-Silm
1117 1934 1355 2015 beu-Djaudol

246 2046 496 2108 bon-Nalaschal
507 2045 548 2110 ad
563 2047 753 2106 Actsomum
769 2044 938 2105 ben-Zaiti
949 2049 1107 2104 venerant
1122 2041 1355 2125 disceptantes,

248 2153 320 2234 quis
339 2151 473 2216 nobilior
497 2151 754 2233 essetspiguore
777 2159 906 2211 centurn
930 2141 1138 2231 camelorum,
1157 2167 1240 2228 quos
1261 2150 1356 2210 nobi-

247 2259 303 2318 lior
316 2260 487 2339 acciperet,
504 2259 619 2338 posito.
633 2257 810 2321 Actsamus
830 2255 951 2316 dicens:
965 2259 1040 2353 ,ὣς
1068 2262 1209 2354 &tuffi-
1230 2258 1356 2352 olgi*

249 2382 342 2443 oliuo
364 2380 453 2440 stulti
468 2379 590 2442 malum
612 2378 780 2438 volentesu
804 2397 861 2438 eos
883 2380 923 2439 ab
945 2380 1007 2440 ista
1029 2399 1064 2440 rc
1093 2379 1282 2440 dehortatus
1303 2386 1357 2438 est

247 2494 281 2546 et
302 2502 395 2565 quum
413 2485 540 2565 nollent,
563 2485 694 2545 retentis
712 2485 855 2564 pignoris
878 2485 1010 2545 camelis
1032 2504 1089 2546 eos
1105 2485 1150 2574 lad
1172 2484 1355 2548 Rabiahum

245 2591 469 2676 ben-Djerad‚
504 2593 555 2675 qui
583 2593 671 2654 litem
700 2591 876 2662 dirimeret,
901 2594 987 2653 misit
1007 2592 1134 2654 diceus:
1159 2597 1243 2694 Le)
1269 2601 1353 2676 μᾶ

247 2719 359 2806 atat?
385 2721 453 2814 υ»)
479 2717 587 2804 ψ’»)
615 2717 713 2803 [plin
736 2713 883 2776 ”Occidit
908 2723 1025 2775 terram
1046 2715 1087 2797 is,
1104 2717 1156 2796 qui
1177 2735 1249 2778 eam
1270 2736 1353 2778 nos-

246 2842 291 2902 cit
320 2850 354 2900 et
385 2849 471 2904 terra
498 2838 729 2916 eumoccidit,
759 2838 811 2916 qui
833 2855 903 2898 eam
926 2837 1012 2898 haud
1034 2839 1168 2900 noscito.
1210 2841 1352 2902 Primum

245 2947 425 3008 Kahlralrus
456 2947 689 3025 interrogatuS,
720 2941 792 3022 quid
827 2941 1003 3023 proferret,
1039 2944 1132 3006 dixit:
1170 2947 1244 3028 Ego
1277 2967 1352 3008 sum

137 3133 141 3140 ι
244 3052 329 3116 filios
350 3049 502 3112 Mabbedi
523 3050 764 3113 beu-Sorarah
785 3057 818 3111 et
838 3059 939 3111 mater
963 3069 1035 3112 mea
1057 3051 1121 3113 lilia
1141 3053 1266 3114 Dlrirari
1288 3063 1349 3142 est.

243 3163 296 3225 llx
317 3160 437 3240 patruis
462 3157 574 3220 docem
597 3167 630 3220 et
652 3139 694 3220 err
715 3157 881 3220 avunculis
903 3158 984 3218 meis
1006 3149 1117 3219 decem
1140 3153 1348 3241 principatum

244 3253 420 3348 gesserunt
447 3272 480 3325 et
499 3263 553 3324 hic
582 3272 632 3326 eet
654 3282 747 3326 arcus
768 3265 872 3346 patrui
892 3263 972 3342 urei,
994 3283 1086 3343 quem
1109 3284 1165 3345 pro
1184 3268 1349 3330 Arabibus

244 3370 368 3452 pignori
400 3368 496 3434 dedit.
536 3370 632 3434 Avus
653 3380 762 3447 autem
782 3387 874 3432 meus
897 3369 1080 3463 Sora'rahus
1109 3379 1173 3434 tres
1194 3388 1294 3455 reges
1317 3374 1350 3436 in

243 3481 419 3543 clientelam
447 3481 567 3559 recepit
598 3499 693 3541 unum
721 3487 830 3544 contra
865 3479 998 3542 alterum
1032 3489 1217 3566 protegens,
1261 3483 1346 3543 'l'um

243 3585 407 3651 Chaledus
427 3587 653 3668 interrogatus,
676 3583 751 3666 quid
774 3585 940 3664 proferret,
962 3579 1062 3645 dixitt'
1075 3585 1148 3668 Ilgo
1170 3603 1242 3648 sum
1264 3588 1347 3650 tilius

242 3692 444 3757 Elin-Malioi
466 3689 644 3750 ben-Ribih
667 3688 843 3767 ben-siim,
856 3697 956 3749 matre
977 3699 1082 3752 autem
1105 3700 1175 3754 utor
1196 3692 1349 3756 Kardaah

243 3800 308 3861 lilia
329 3795 490 3860 Mendusi.
513 3794 607 3871 Quae
637 3781 732 3874 quum
765 3791 946 3854 audiviscet
965 3793 1132 3857 Rabiahus
1154 3797 1349 3861 Kahkalrum

241 3905 397 3968 victorem
425 3897 649 3982 pronuntiavit.
683 3895 857 3959 'Chaledos
885 3906 990 3960 autem
1015 3899 1106 3962 dixit:
1137 3901 1223 3964 Num
1253 3905 1346 3966 Ebu·

242 4009 438 4071 illalrbadum
473 4001 711 4068 ben-Soraralr
736 4021 844 4083 parem
871 4003 1081 4103 “Ebu-Silmo
1110 4006 1347 4088 ben-Djendel

243 4111 353 4179 lacis?
374 4110 553 4195 Respondit
573 4109 753 4206 Rabialrua:
774 4110 810 4171 N
815 4130 862 4172 on
888 4128 960 4192 par
980 4109 1150 4174 habitus
1173 4120 1238 4176 eat
1258 4131 1347 4176 ser-

241 4239 321 4284 vus
343 4220 505 4282 domino
532 4235 636 4281 ouon.
