2942 4936
685 355 725 366 ..
770 321 814 386 50
855 304 897 363 ’-

179 835 181 844 ¹
242 820 301 887 71.
354 810 513 886 Aridior
539 835 652 911 quem
679 769 909 882 Aschahbus.
1025 747 1027 752 Ι

281 960 480 1024 Aschahbus
488 959 716 1041 beu-Djobair,
725 961 779 1038 qui
788 955 970 1020 Abu-Abla
980 973 1115 1018 necnon
1128 950 1244 1030 avidus
1253 967 1339 1030 cog-

240 1069 421 1132 nominatus
448 1076 519 1144 erat
534 1066 637 1146 (conf.
659 1065 768 1130 Abali.
790 1067 871 1127 Ann.
888 1066 931 1145 ll,
947 1083 977 1144 p.
998 1061 1090 1142 632.)
1107 1062 1208 1123 cliens
1223 1055 1341 1118 Ahbd-

239 1175 346 1238 Allahi
364 1175 616 1238 ben-Alsobair
637 1182 671 1236 et
698 1170 802 1234 incola
822 1172 909 1233 urbis
931 1169 1082 1232 Medinae
1113 1176 1192 1228 crat.
1234 1167 1341 1226 Inter-

238 1277 383 1365 rogatus,
406 1283 508 1364 qualis
530 1283 599 1344 eius
621 1278 778 1362 cupiditas
799 1279 926 1363 fuisset,
956 1272 1271 1339 Abu-Ohbaidahus
1292 1271 1342 1333 sic

238 1385 392 1452 narravit:
434 1370 663 1450 Venerant'ad
684 1404 758 1448 eum
779 1384 1006 1447 adolescentes
1029 1384 1091 1458 ioci
1113 1397 1230 1461 causa,
1274 1385 1343 1439 orat

239 1495 322 1556 enim
342 1497 414 1556 loco
436 1493 575 1578 deditus,
598 1491 785 1574 ingeniosus
807 1498 840 1551 et
860 1491 1012 1551 musicus.
1057 1487 1247 1568 Quiquum
1269 1501 1343 1546 eum

239 1620 324 1663 noxa
344 1600 529 1682 adiicerent,
544 1608 579 1661 ut
601 1618 658 1663 eos
680 1618 701 1661 a
723 1617 760 1660 se
772 1607 965 1677 removeret,
983 1595 1078 1659 dixit:
1100 1596 1132 1656 in
1146 1593 1240 1654 domo
1257 1611 1342 1673 gen-

239 1708 282 1770 tis
304 1705 470 1770 cuiusdam
490 1707 620 1788 nuptiae
641 1714 730 1786 sunt3
755 1703 795 1780 ud
816 1723 868 1767 me
888 1705 983 1786 igitur
1003 1703 1036 1764 in
1047 1704 1143 1764 istum
1154 1703 1343 1762 locumve-

238 1814 314 1897 nito,
336 1831 410 1875 nam
430 1813 524 1874 vobis
541 1813 653 1875 maiori
673 1791 840 1874 commodo
863 1811 931 1871 orit.
974 1809 1131 1871 Abiernnt
1152 1807 1249 1889 igitur
1269 1824 1343 1867 eum

238 1919 461 1999 relinquentes.
515 1918 714 1981 Absentibus
748 1917 1010 1980 adolescentibus
1048 1915 1136 1977 dixit:
1187 1915 1345 1976 Fortasse

238 2023 324 2107 quod
346 2023 423 2108 dixi,
445 2043 559 2088 verum
581 2034 641 2087 est.
684 2025 753 2086 Eos
775 2025 871 2108 igitur
893 2032 1025 2086 secutus
1048 2022 1088 2085 ad
1115 2024 1212 2084 istum
1239 2021 1344 2084 locum

237 2133 383 2213 pervenit
403 2133 445 2195 nil
467 2140 592 2214 praeter
618 2133 843 2196 adolescentes
870 2132 1053 2211 inveniens,
1077 2131 1130 2213 qni
1158 2126 1232 2192 eum
1257 2147 1346 2192 noxa

238 2239 438 2303 adliciebant.
480 2240 700 2302 Abu-Solimo
721 2238 1017 2303 ben-Alrbd-Allah
1032 2258 1104 2300 eum
1124 2235 1343 2320 interroganti,

238 2347 346 2428 qualis-
363 2348 466 2426 ipsius
488 2346 645 2426 cupiditas
668 2356 769 2429 esset,
790 2347 968 2428 respondit:
1012 2346 1069 2428 Se,
1092 2346 1345 2427 quotiescunque

239 2452 465 2533 conspexisset
493 2451 639 2513 homines
667 2452 749 2514 duos
784 2451 824 2513 de
857 2470 934 2513 arca
967 2451 1058 2513 ferali
1087 2451 1263 2512 clanculum
1292 2451 1346 2513 lo-

137 2610 142 2623 .
238 2568 385 2642 quenteS,
407 2565 554 2641 putasse,
577 2567 733 2621 mondum
754 2559 814 2639 ipsi
835 2567 1029 2620 testamento
1057 2575 1125 2619 rem
1146 2559 1290 2641 legasse,
1313 2567 1346 2620 et

241 2685 336 2750 quem
357 2668 461 2728 virum
485 2685 613 2728 manum
636 2666 667 2726 in
689 2665 845 2727 manicam
867 2664 1090 2727 immittentem
1116 2665 1239 2745 videat,
1272 2685 1345 2728 eum

238 2794 276 2838 se
287 2782 413 2857 putare,
426 2773 488 2856 ipsi
504 2772 620 2835 donum
632 2772 777 2836 daturum
786 2791 870 2834 esse.
890 2769 1210 2834 Ebu-Abi·l’Sinado
1226 2780 1344 2858 autem,

239 2882 294 2965 qui
315 2899 386 2942 eum
408 2882 661 2962 interrogasset,
691 2879 792 2961 qualis
821 2880 924 2960 ipsius
953 2878 1111 2959 cupiditas
1143 2888 1249 2962 esset,
1288 2900 1345 2960 re-

238 2987 410 3070 spondisse
432 2987 554 3049 dicitur:
597 2989 673 3050 Non
696 2996 747 3050 est
769 2987 908 3050 deducta
927 3005 1048 3068 sponsa
1069 2986 1111 3049 ad
1131 3006 1251 3050 novum
1273 3004 1345 3050 ma·

239 3095 344 3178 ritum,
366 3094 427 3156 nisi
446 3094 556 3175 scopis
579 3093 706 3157 domum
728 3112 832 3156 meam
852 3095 938 3154 verri
953 3112 1013 3174 spe
1028 3093 1185 3155 adductus
1206 3095 1287 3174 iore,
1309 3100 1346 3154 ut

239 3221 348 3263 errore
374 3200 512 3282 quodam
553 3199 595 3262 ad
627 3219 679 3262 me
714 3219 835 3282 sponsa
874 3199 1057 3262 deducatur.
1114 3198 1259 3277 Quodam
1295 3197 1346 3260 die

239 3307 399 3391 quum'ad
420 3308 524 3370 virum
544 3307 693 3370 transiret
714 3308 839 3371 discum
860 3308 920 3370 sibi
941 3306 1177 3390 conficientem,
1193 3326 1266 3368 eum
1289 3324 1346 3367 ro-

194 3421 196 3434 ·
238 3417 346 3500 gavit,
366 3421 401 3476 ut
421 3413 464 3474 illi
484 3413 573 3476 disco
596 3434 683 3477 orem
703 3415 845 3480 adderet.
867 3415 947 3478 Viro
975 3407 1347 3496 interrogantimpuare‘i

240 3520 418 3604 respondit:
461 3520 548 3583 Fieri
566 3530 688 3605 potest,
709 3531 742 3584 ut
764 3523 795 3583 in
818 3523 881 3583 hoc
902 3523 993 3584 disco
1015 3521 1056 3584 ad
1077 3541 1129 3583 me
1155 3539 1208 3582 res
1233 3529 1347 3602 porto-

239 3640 297 3694 tur.
340 3629 454 3693 Virum
475 3620 631 3712 quendam
653 3629 970 3710 manducantemper
992 3630 1094 3691 maius
1116 3647 1212 3712 quam
1233 3629 1347 3692 millia-

240 3740 284 3801 ris
306 3738 444 3818 spatium
465 3745 603 3803 secutus
626 3747 688 3820 est,
710 3736 826 3820 donec,
849 3755 922 3799 eum
943 3736 1081 3798 resinam
1101 3735 1172 3806 olle
1201 3735 1348 3818 appella-

239 3873 305 3928 tam
326 3862 532 3942 manducare,
554 3861 775 3942 cognovisset.

245 4295 304 4364 72.
354 4286 514 4364 Aridior
539 4313 653 4390 quam
679 4284 885 4363 Tlrofailus·
933 4241 936 4244 Ι
