3014 4906
690 355 906 420 ..673-

253 571 348 636 quum
370 547 623 627 adducerentur,
667 550 775 607 sortes
803 539 921 604 ducere
944 555 1003 600 eos
1022 535 1120 599 iussit
1148 535 1279 617 dicens,
1316 553 1357 597 se

145 731 150 738 ,
251 681 340 741 eum,
362 661 417 742 qui
439 662 527 720 sorte
548 653 692 742 vicisset,
717 651 850 712 liberum
871 646 1072 740 dimissurum
1094 661 1181 726 esse,
1203 645 1285 706 duos
1300 663 1357 704 re-

251 769 354 849 liquos
376 765 577 848 occisurum.¹
589 756 729 839 Accidit,
751 764 786 819 ut
805 748 937 836 Djabiro
959 754 1043 815 bona
1058 769 1131 814 sors
1144 753 1357 834 contingeret.

253 875 458 954 Quapropter
481 869 594 950 sociis,
626 885 709 948 quos
738 865 781 926 ad
814 871 949 926 mortem
977 860 1093 924 abduci
1121 859 1264 939 videret,
1294 860 1359 922 ista

253 982 372 1064 verba,
394 997 478 1060 quac
499 983 615 1058 postea
637 972 669 1036 in
689 971 890 1054 proverbium
911 976 1083 1052 venerunt,
1106 967 1194 1030 dixit.

232 1108 236 1122 “
294 1097 381 1253 ,ἵ
425 1113 476 1147 0
587 1115 602 1140 ο
943 1104 994 1136 oo
1045 1105 1061 1136 tr
1077 1083 1132 1136 ’ἕο
1175 1103 1226 1134 o

294 1153 513 1289 suff,
495 1085 802 1256 argutiis
767 1107 1229 1280 utiiestttoi
1305 1157 1363 1233 r.

865 1285 1234 1451 “num

256 1489 339 1562 300
386 1481 467 1576 Qui
495 1476 571 1552 edit
597 1492 674 1552 toto
701 1502 777 1566 ore,
804 1476 833 1548 is
857 1502 937 1550 non
962 1474 1049 1549 edet
1074 1477 1256 1547 extremis
1272 1474 1364 1547 den·

391 1605 485 1682 tibes
512 1604 639 1703 etqui
666 1601 838 1673 extremis
865 1599 1042 1674 dentibus
1069 1598 1159 1689 edit,
1186 1613 1265 1673 toto
1292 1625 1359 1672 ore

391 1718 487 1791 cde.

339 1733 691 1902 Monettproverbium,
713 1824 749 1879 ut
768 1816 858 1879 vitae
877 1826 1008 1880 nostrae
1031 1817 1184 1879 rationem
1206 1815 1365 1878 habentes

205 2009 206 2016 ἵ
255 1947 310 1990 res
340 1928 512 2011 prudenter
540 1927 745 2008 disponamus
755 1971 767 2010 ,
794 1946 836 1988 ne
856 1924 988 2007 perditis
1010 1926 1122 2008 opibus
1143 1927 1274 2008 peuruia
1295 1927 1364 1990 ori-

695 2154 738 2175 ae
782 2123 899 2177 wt’otd
932 2153 969 2174 ea
1014 2129 1062 2174 ‘a

653 2177 748 2276 ets„
782 2155 962 2314 3&th
997 2215 1067 2322 ,ts
1141 2195 1192 2274 rt

258 2377 343 2444 301
395 2372 471 2468 Qui
499 2374 593 2450 vidit
619 2399 825 2448 cremorem
851 2373 969 2462 lactis,
1008 2399 1094 2446 eum
1119 2401 1139 2444 a
1169 2373 1264 2446 lecte
1292 2373 1364 2446 de·

390 2487 554 2548 sumtum
581 2488 699 2574 putat.

339 2597 496 2680 Narrant,
517 2601 620 2662 virum
641 2597 862 2680 interrogasse
882 2598 1057 2683 mulierem,
1080 2618 1156 2662 num
1177 2617 1259 2660 oves
1293 2599 1362 2660 eius

255 2703 342 2765 lacte
363 2704 567 2768 abundarent.
590 2704 799 2786 Quacqnum,
821 2697 965 2765 minime!
987 2705 1220 2786 respondisset,
1244 2706 1360 2782 virum,

256 2811 310 2890 qui
330 2791 507 2872 cremorem
539 2812 631 2872 iactis
662 2810 747 2891 apud
778 2813 880 2890 ipsam
909 2812 1131 2893 conspiceret,
1166 2814 1230 2874 ista
1257 2813 1360 2874 verba

256 2913 387 2974 dixisse.
399 2916 449 2974 Dc
478 2915 547 2974 viro
576 2914 712 2992 dicitur,
743 2917 798 2994 qui
818 2911 888 2978 rem
907 2918 992 2980 haud
1015 2921 1175 2982 occultam
1198 2923 1360 2982 occultare

259 3020 355 3099 cupit.
378 3017 683 3082 Abu-l’flaitsamus
705 3038 820 3084 vocem
847 3025 930 3126 cub-di
954 3041 1026 3087 cum
1047 3027 1172 3089 duabus
1194 3029 1363 3090 vocalibus

259 3143 392 3207 Fatha
425 3144 617 3208 enunciavit.
659 3147 696 3206 In
734 3145 995 3209 Samaelrscharii
1026 3123 1128 3230 xopere
1163 3153 1235 3214 loco
1269 3153 1362 3213 vacis

257 3254 331 3327 ὑὲ.
351 3251 481 3335 legitur:
511 3255 571 3320 ut
599 3254 694 3335 „tq
714 3252 796 3316 escit
817 3274 888 3318 eum
910 3273 1016 3320 essen

583 3395 682 3427 ,eoae
772 3387 863 3432 tace
933 3409 951 3428 μ

258 3583 342 3654 302
395 3580 471 3678 Qui
495 3584 594 3670 emit,
622 3599 729 3657 assat.

341 3699 552 3760 Proverbium
580 3699 643 3761 hoc
667 3701 708 3763 de
736 3701 912 3766 Alahmaro
935 3705 1080 3766 refertur.
1124 3705 1247 3786 Opibus
1271 3716 1394 3776 uten-.

260 3803 335 3874 dum
357 3824 447 3889 csse,
469 3814 577 3867 utres
601 3808 692 3869 nobis
714 3811 918 3873 necessarias
940 3813 1156 3894 acquiramuS,
1179 3814 1265 3876 dicit.
1355 3810 1358 3819 ’

259 3919 500 4078 „extr
522 3923 747 4103 „tet
734 3943 778 4060 o
807 3937 964 4134 tu,
965 3937 1036 4064 n
965 3932 1217 4131 negt
1293 3995 1366 4070 n

141 4235 150 4246 .
229 4162 362 4286 3³⁰³
396 4159 666 4340 Qiirqwdim
700 4169 839 4265 potitus
877 4182 948 4260 est,
988 4173 1018 4245 is
1043 4186 1141 4246 sorte
1181 4169 1366 4245 frustratu

396 4285 446 4360 po
465 4289 475 4334 ι
496 4285 536 4335 us
562 4287 600 4336 es
