3012 4908
761 321 826 390 w

945 375 949 384 ι

680 399 688 406 ·
838 401 841 408 r

191 531 197 548 “
231 524 353 608 glutita
397 521 480 581 'lum
503 515 663 580 0hmarus
685 507 780 570 dixit:
806 507 841 568 ls
862 504 907 565 ita
926 509 994 584 est,
1015 516 1053 562 se
1078 499 1183 580 ipsum
1205 491 1336 577 signill-

231 647 318 692 cans.
362 627 444 690 llam
479 623 519 684 ab
551 626 685 699 utraque
713 621 804 696 parte
840 611 998 692 ingratam
1030 622 1107 668 esse
1127 601 1334 685 proverbium

232 733 401 816 significat.

481 902 579 976 lete.

399 922 509 1040 dab
536 941 597 1080 ,et
614 971 616 976 ·
632 895 738 1060 leb,
776 869 920 1087 siud
945 896 1059 1043 »ἒξ
1129 940 1168 1020 tt

171 1263 176 1270 ·
238 1221 298 1292 66.
350 1212 558 1306 Quomodo‘
572 1209 619 1283 ad
638 1207 825 1282 beneventi
841 1213 1014 1306 possum?
1042 1200 1125 1274 Hoc
1143 1199 1342 1299 vestigium

350 1372 490 1444 securis
517 1383 603 1439 tuae
628 1377 695 1435 est.

324 1535 491 1599 Proverbli
511 1532 606 1594 huius
627 1532 709 1592 inter
730 1530 857 1591 Arabes
879 1525 1047 1604 notissimi,
1071 1523 1154 1605 quod
1175 1522 1206 1584 in
1228 1522 1343 1605 virum,

242 1645 293 1727 qui
314 1643 410 1706 fidem
438 1642 545 1704 datam
577 1641 673 1719 fallit,
698 1638 828 1718 dicitur,
852 1636 1005 1717 originem
1028 1634 1078 1696 sic
1102 1623 1246 1694 nnr‘ranl:
1268 1631 1343 1692 Duo

243 1751 361 1812 fratres
382 1749 548 1810 sterilitato
579 1746 738 1828 regionis,
762 1763 856 1826 quam
871 1741 1070 1822 incolebant,
1094 1741 1224 1802 multum
1248 1736 1344 1800 adfli-

185 1903 191 1916 ,
243 1858 410 1941 gebanlur.
452 1857 488 1916 ln
515 1856 688 1936 propinquo
721 1852 816 1914 vallis
851 1858 920 1912 erat
943 1849 1056 1931 pabulo
1078 1848 1262 1926 abundanS,
1285 1844 1346 1907 sed

245 1983 267 2026 a
286 1969 455 2043 serpente,
486 1963 538 2041 qui
570 1978 695 2022 omnem
722 1957 763 2017 ibi
793 1955 963 2038 degentem
997 1955 1181 2028 occidebat,
1202 1953 1346 2015 defensa.

145 2097 148 2109 ·
244 2069 359 2132 Frater
389 2085 469 2129 unus
498 2067 602 2148 inopia
635 2081 767 2146 pressus
802 2063 861 2136 ibi,
880 2063 979 2123 fratre
1009 2063 1108 2123 altero
1126 2059 1347 2144 ⁴desuadontc,

246 2176 389 2239 camelos
409 2195 486 2238 suos
500 2175 656 2255 pascebat
678 2181 710 2234 et
728 2171 888 2252 serpentis
905 2188 1011 2232 morsu
1026 2170 1211 2233 necabatur.
1232 2169 1349 2244 Frater

247 2283 327 2345 alter
358 2283 466 2344 fratris
496 2299 607 2341 necem
646 2281 771 2340 ulturus
803 2279 921 2341 vallem
948 2277 1077 2339 intravit
1107 2286 1140 2338 et
1166 2291 1349 2358 serpentem

249 2387 418 2468 quaesivit.
461 2385 558 2445 llunc
578 2403 711 2464 serpeus
731 2385 780 2446 sic
800 2385 958 2447 allocutus
983 2402 1059 2445 esse
1081 2383 1210 2446 dicitur:
1232 2385 1351 2446 Nonne

248 2492 354 2575 vides,
383 2511 434 2558 me
456 2492 587 2554 fratrem
611 2499 702 2554 tuum
735 2492 911 2570 occidisse;
943 2493 1003 2554 sed
1024 2494 1053 2553 si
1081 2511 1196 2574 paoem
1223 2510 1350 2555 mecum

249 2600 359 2662 lacere
394 2601 464 2684 vis,
494 2599 548 2662 tibi
576 2599 670 2661 buius
700 2599 795 2661 vallis
823 2617 918 2662 usum
950 2601 1126 2664 concedam
1155 2607 1188 2661 et
1211 2599 1353 2680 quotidie

251 2728 410 2771 nummum
456 2728 586 2770 aureum
629 2703 735 2769 dabo.¹
790 2706 879 2768 Pace
923 2709 1102 2787 composita
1146 2707 1207 2770 viri
1248 2713 1354 2768 status

251 2818 283 2877 in
317 2817 479 2880 meliorem
509 2822 625 2876 statum
655 2813 844 2876 mutabatur.
887 2814 1030 2876 Tandem
1057 2823 1165 2876 autem
1187 2813 1227 2875 de
1248 2814 1355 2876 fratris

252 2931 354 2984 morte
388 2923 536 3003 cogitans
557 2928 738 3001 serpentem
760 2921 907 2983 occidere
927 2923 1050 3001 statuit,
1082 2931 1114 2986 et
1135 2932 1257 2984 utrem
1278 2941 1357 3001 per-

254 3029 383 3109 ficeret,
422 3027 559 3088 securim
601 3028 738 3090 exacuit.
781 3027 849 3092 Sed
883 3026 913 3089 in
954 3027 1159 3106 percutiendo
1204 3029 1357 3090 aberrans

254 3145 287 3198 et
306 3142 430 3214 petram
453 3133 582 3217 feriens,
606 3143 641 3196 ut
662 3135 836 3215 vestigium
861 3143 1052 3216 remaneret,
1076 3151 1211 3216 serpens
1232 3135 1359 3197 incolu-

256 3241 317 3300 mis
350 3239 382 3299 io
416 3239 575 3302 latibulum
609 3241 829 3322 introgressus
849 3247 910 3305 est.
953 3241 1036 3302 'rum
1064 3240 1134 3323 vir,
1164 3260 1258 3322 quem
1279 3242 1360 3304 facti

256 3346 441 3430 poeniteret,
469 3347 583 3410 foedus
605 3355 641 3408 ul
664 3347 906 3430 redintegraret,
930 3355 1111 3429 serpentem
1133 3352 1273 3432 rogavit.
1310 3350 1361 3430 At

257 3454 308 3514 ille
336 3455 462 3532 verbis,
485 3475 568 3537 quae
594 3457 626 3516 in
652 3455 813 3538 proverbii
842 3455 1101 3538 consuetudinem
1123 3465 1282 3520 venerunt
1302 3477 1361 3520 re-

258 3560 393 3642 spondit.
418 3563 640 3646 Nabagbabus
661 3561 851 3644 lisobjanita
869 3565 963 3625 istam
983 3581 1050 3625 rem
1063 3565 1213 3628 versibus
1235 3564 1363 3628 descri-

258 3668 324 3751 psit
344 3670 572 3751 sequentibus:

261 3823 643 3964 me
657 3813 934 3962 mest
948 3825 1365 3988 eres-mom

282 4197 312 4255 1)
329 4201 434 4252 Arabes
451 4203 606 4276 credebant,
623 4208 764 4266 serpentes
774 4209 923 4280 ,thesauros
940 4208 1086 4260 custodire.
