3006 4908
677 327 906 394 —m—

919 409 923 422 r

248 517 349 594 paret
389 509 555 578 Proverbii
583 510 737 594 originem
763 511 876 575 telem<
889 507 992 574 tuisse
1011 517 1150 574 nermnt.
1192 507 1359 576 Sohairns

249 616 456 698 ben-Djenab
469 617 597 691 Galbita
611 635 735 702 regem,
752 625 847 699 quain
858 615 1063 694 Nobmanum
1084 616 1358 682 ben-Aimondsir
1406 615 1413 624 '

247 722 351 786 fuisso
375 721 495 807 dicunt,
517 725 639 788 adierat
658 742 769 787 secum
798 721 921 785 ducens
942 724 1074 788 irntrom
1097 742 1191 803 suum
1209 723 1355 812 Abdium

246 829 351 892 virum
380 829 549 912 stupidum.
590 829 688 913 Apud
716 829 890 896 Sobairum
917 847 1013 913 quum
1045 850 1105 893 rex
1134 831 1359 897 matrissuae

251 933 398 998 morbum
428 946 564 1019 questus
591 944 697 1018 esset,
719 935 845 998 Abdius
869 935 963 1000 dixit:
1008 934 1140 1018 Orex,
1181 955 1300 1016 quaero
1328 935 1361 998 ei

249 1040 340 1123 penis
356 1050 454 1125 caput
472 1041 579 1138 (spi)
600 1039 753 1106 calidum!
776 1041 899 1119 Quibus
912 1039 952 1102 de
967 1041 1075 1104 verbis
1089 1041 1189 1103 iratus
1204 1060 1263 1102 rex
1280 1059 1358 1102 eum

249 1161 355 1226 emtor
381 1165 484 1228 insit.
516 1167 563 1229 Ar
589 1166 746 1229 senatres
776 1166 872 1228 omit:
900 1147 1033 1229 offex:
1061 1167 1095 1226 rs
1123 1164 1357 1250 rubentem

249 1269 353 1365 (ibt)
374 1269 557 1356 significare
575 1272 693 1352 voluit,
715 1270 802 1352 quod
822 1271 853 1332 in
873 1279 987 1333 nostra
1007 1270 1139 1354 regione
1161 1269 1356 1332 cnieiectum
1479 1289 1480 1294 ¹

248 1371 477 1456 medicamenti
491 1393 562 1455 loce
586 1393 783 1456 adhibemus.
826 1394 911 1466 'l'nm
937 1413 997 1456 rex
1028 1390 1209 1475 imperavit,
1232 1397 1267 1451 ut
1297 1408 1366 1451 re-·

250 1495 420 1560 duceretur
461 1506 495 1561 et
529 1506 598 1562 tum
627 1498 761 1561 reducto
796 1498 894 1560 dixit:
924 1498 1081 1563 Sohairns
1116 1494 1294 1578 contendit,
1323 1503 1359 1557 to

248 1604 340 1668 tuber
368 1611 471 1666 torrae
500 1604 607 1668 dicere
635 1605 791 1668 voluisse.
831 1604 879 1665 At
904 1604 956 1680 iile
983 1601 1079 1666 dixit:
1099 1605 1180 1686 cybii·
1206 1601 1366 1687 ,pe-Ui·

247 1725 378 1807 „Verte
399 1719 618 1788 convertoos“
658 1727 734 1808 Ego
753 1707 893 1789 virorum
914 1745 1029 1810 ponem
1050 1724 1236 1810 significare
1256 1725 1356 1787 volni.

248 1831 333 1894 'l'um
362 1831 433 1894 eius
465 1830 682 1911 stupiditatem
712 1832 867 1914 cognovit
893 1849 1050 1916 eumque,
1085 1830 1356 1914 quemadmodum

246 1946 337 2023 puto,
358 1939 456 2002 bbere
476 1939 604 2004 dimisit.
625 1939 733 2001 coni.
755 1938 1023 2003 Samaohscin

379 2127 1107 2320 ,wipttd'tjfli‘bjmee
1177 2181 1207 2261 n

188 2497 193 2506 ‚
249 2414 309 2482 tt.
358 2405 437 2477 lam
464 2403 567 2507 ‚pedit
593 2408 767 2481 esinmet
793 2409 1095 2496 instrumentum,
1121 2410 1355 2509 quouritur,

363 2530 401 2603 in
427 2530 514 2627 igne
539 2545 607 2602 est.

331 2695 443 2774 Verba
464 2712 545 2775 haec
566 2708 783 2776 Obrfuthahus
799 2708 1059 2792 ben-Abriadjeh
1074 2711 1224 2794 princeps
1246 2713 1358 2794 gentis

247 2793 370 2879 Hissau
398 2817 618 2920 (Uipidixit.
639 2794 764 2898 Eodem
785 2826 1016 2910 temporeque
1038 2820 1090 2881 iile
1105 2821 1213 2901 gentis
1231 2821 1357 2881 Hissan

248 2940 396 3023 princeps
418 2952 506 3026 eret„
520 2942 720 3016 Alhozeiuus
732 2943 794 3016 bon
809 2975 829 3018 ··,
843 2945 877 3014 N
879 2943 963 3006 obait
979 2943 1107 3007 0hciita
1135 2944 1242 3024 gentis
1272 2942 1357 3007 Ohci

248 3047 351 3142 (με)
379 3049 590 3131 principatum
617 3051 756 3113 tenebat.
799 3051 942 3131 Utraque
970 3059 1077 3112 autem
1109 3066 1197 3134 gons
1234 3050 1357 3119 muittis

248 3171 482 3262 incursionibus
510 3191 549 3236 se
569 3173 707 3236 invicem
726 3175 890 3255 nexabet,
912 3173 958 3236 ita
979 3182 1086 3236 tamen
1107 3185 1141 3256 ut
1162 3191 1246 3256 gens
1270 3173 1357 3237 0th

250 3296 376 3361 omnes,
389 3296 470 3360 quos
491 3279 625 3366 iaceret,
641 3282 789 3363 captivos
809 3279 982 3366 occideret,
1004 3299 1087 3364 gons
1105 3283 1227 3344 Hrsseu
1243 3299 1356 3346 omues

250 3387 398 3468 captivos
426 3384 502 3449 dato
528 3387 630 3469 pretio
662 3377 766 3478 iibere'
787 3374 966 3450 dimitteret.
1008 3388 1069 3450 Vir
1101 3397 1211 3478 autem
1245 3389 1355 3471 gentis

42 3491 46 3498 ¹
150 3564 156 3572 ,
249 3501 374 3564 Hissan
388 3499 486 3586 quum
508 3503 541 3566 in
563 3503 688 3566 camelo
701 3495 879 3566 adveniens
908 3499 1056 3584 captivos
1072 3504 1249 3592 dimittendi
1270 3523 1355 3568 cou-

250 3607 453 3672 suetudinem
460 3610 608 3690 vidisset,
617 3604 901 3672 muitumhomines
913 3610 1217 3690 vituperavitsimul
1231 3611 1356 3672 certio-

249 3733 304 3778 res
326 3733 384 3778 eos
403 3715 541 3798 iaciens,
563 3697 873 3796 quosdam-eGente
896 3713 977 3780 0th
999 3716 1131 3798 exiisse,
1158 3722 1354 3778 utcamelos

250 3831 452 3904 quaererent.
470 3819 542 3883 Hos
556 3820 652 3908 igitur
672 3820 821 3898 captivos
836 3820 958 3900 iactos,
983 3839 1078 3900 quum
1099 3838 1252 3902 magnum
1275 3839 1355 3901 pre·

249 3928 327 3991 tium
348 3927 477 3990 solvere
498 3947 561 3990 nou
582 3937 733 4010 possent,
761 3927 869 4008 capite
888 3933 1085 3988 truncarunt.
1129 3923 1221 3988 Gens
1244 3934 1355 3990 autem

250 4032 333 4097 ohel
360 4033 407 4095 rei
440 4033 556 4100 certior
584 4033 672 4119 facte
704 4033 735 4095 in
766 4033 847 4095 fines
880 4033 988 4116 gentis
1010 4034 1132 4095 Hissen
1164 4033 1355 4096 incursionis

206 4219 208 4224 ,
249 4135 416 4201 faciendae
445 4139 610 4203 consilium
644 4133 739 4224 oepit.
778 4139 830 4200 iili
858 4137 966 4201 autem
994 4140 1104 4202 moniti
1129 4139 1161 4202 in
1182 4157 1355 4204 occursum

180 4313 183 4318 ⁵
248 4241 384 4304 iverunt.
426 4243 647 4308 Vehementer
675 4256 853 4329 pugnatum
886 4252 947 4308 est.
989 4239 1299 4310 Multis'vulueratis
1320 4253 1355 4308 ot
