2990 4920
470 537 761 713 &smus-iio&
799 545 931 688 &dci
1005 566 1064 664 ii*-

218 797 304 865 230.
359 792 524 865 Celerius
552 817 717 880 currens,
744 794 857 890 quem
879 787 1138 886 ¹Alschenfere.

300 931 350 990 De
371 929 434 991 hoc
455 929 525 990 viro
547 926 622 988 vide
644 927 790 986 Hemesa
811 923 882 994 242,
906 921 979 1003 243,
1004 923 1077 984 244.

220 1328 303 1399 231.
358 1321 524 1395 Celerius
551 1347 718 1408 currens,
746 1347 860 1421 quem
886 1321 1063 1393 Soloicus.

300 1446 353 1509 Ad
388 1447 611 1527 explicandum
649 1448 851 1528 proverbium
886 1442 1203 1508 Abu-Ohbaidohus
1234 1442 1317 1504 hoec

218 1551 398 1615 adnotavit:
437 1553 543 1631 Quum
573 1554 792 1634 procubitores
821 1554 983 1615 exercitus
1010 1561 1116 1634 gentis
1138 1551 1221 1611 Becr
1243 1549 1321 1610 beu·-

219 1659 332 1739 Wojel
361 1662 542 1742 ingentem
567 1663 689 1723 'l'emim
704 1662 915 1722 incursionem
931 1662 1058 1741 facturi,
1082 1655 1243 1721 Soiaioum
1266 1657 1321 1716 vi-

219 1764 352 1842 dissent,
376 1765 540 1829 dixeruut:
563 1767 598 1828 si
622 1767 770 1830 Solaicus
791 1785 851 1828 nos
875 1763 1045 1855 conspicit,
1069 1771 1199 1846 gentem
1223 1759 1315 1823 suam

219 1873 385 1934 certiorem
408 1873 516 1934 faciet.
559 1876 717 1936 Miserunt
738 1875 833 1956 igitur
854 1873 934 1935 duos
958 1873 1083 1953 equites
1104 1871 1136 1932 in
1159 1869 1319 1933 celeribus

221 1981 310 2060 equis
334 1981 505 2062 vehentes,
529 1981 676 2062 quicum
699 1989 859 2060 caperent.
881 1980 937 2041 lile
952 1977 1081 2040 dorcodi
1095 1977 1205 2038 similis
1222 1994 1320 2036 cursu

221 2087 357 2166 erifugit.
399 2087 450 2148 llli
470 2096 577 2150 autem
599 2108 671 2150 cum
694 2107 750 2168 per
775 2063 876 2150 totum
899 2086 981 2146 diem
1003 2090 1235 2172 persequentes
1257 2101 1322 2161 pu-

222 2202 337 2276 tarunt,
362 2212 432 2253 eum
454 2195 624 2278 fatigatum
648 2213 734 2278 esse,
757 2203 802 2274 ut,
826 2196 853 2255 si
876 2193 1061 2273 cecidisset,
1075 2196 1322 2268 cumcsperent.

222 2299 320 2358 Mane
341 2303 410 2359 eius
433 2303 576 2380 vestigia
598 2301 798 2363 invenientes
822 2301 983 2380 viderunt,
1016 2319 1088 2360 eum
1116 2295 1237 2359 arboris
1267 2312 1322 2354 ra-

221 2403 325 2464 dicem
346 2403 429 2482 pede
451 2403 625 2464 offendisse
647 2412 680 2464 et
701 2403 929 2488 assiliisse„1it
954 2423 1049 2467 arcus
1070 2405 1101 2463 in
1124 2412 1240 2464 terram
1261 2401 1322 2462 de·
1379 2395 1382 2402 ’

222 2509 330 2569 cidens
351 2507 562 2590 frangeretur.
605 2509 766 2570 Dixerunt
798 2518 919 2572 autent:
962 2511 1119 2571 Fortasse
1141 2508 1204 2568 hoc
1235 2509 1323 2569 initio

222 2616 327 2676 noctis
347 2614 476 2694 accidit,
502 2623 575 2695 post
603 2616 710 2676 lassus
739 2616 846 2676 iactus
876 2615 941 2676 erit.
985 2615 1098 2693 Denuo
1125 2613 1219 2694 igitur
1249 2632 1324 2674 cum

223 2731 398 2804 sequentes
420 2723 611 2785 invenerunt
633 2723 701 2784 eius
725 2723 864 2806 vestigia
886 2723 1016 2784 multum
1040 2720 1188 2812 distantia
1217 2730 1249 2781 et
1271 2723 1324 2781 vi-

224 2830 349 2910 derunt,
373 2850 443 2890 eum
466 2833 587 2892 urinam
609 2831 639 2890 iu
661 2839 791 2916 terram⁴
810 2831 977 2894 demisisse
1005 2839 1037 2891 et
1060 2829 1200 2910 vestigio
1219 2819 1324 2889 terrae

223 2937 317 2998 attius
360 2937 571 3016 impressisse.
637 2936 711 3014 Qua
733 2956 736 2960 ’
761 2958 803 3000 ex
846 2935 904 3000 re'
931 2959 1027 3020 quum
1076 2951 1323 3022 cognoscerent,

225 3060 295 3102 eum
323 3043 406 3103 nullo
435 3041 533 3122 modo
554 3041 738 3126 -fatigatum
776 3063 869 3122 esse,
913 3064 933 3106 a
968 3048 1191 3127 persequendo
1215 3046 1325 3126 desti-

225 3157 340 3208 terunt.
375 3141 426 3210 ‘At
469 3149 598 3210 Soleico
648 3159 777 3232 gentem
822 3169 915 3214 suam
959 3153 999 3214 de
1040 3155 1141 3246 [tostis
1185 3153 1325 3215 adventu

112 3285 124 3304 ι
197 3253 394 3342 Ι(ῑοηίοτθηι
429 3255 559 3318 facienti
596 3265 724 3337 propter
766 3259 839 3319 viae
886 3278 1035 3341 magnam
1072 3260 1252 3323 distantiam
1282 3261 1324 3322 fi-

137 3377 142 3382 ·
225 3361 282 3422 des
310 3381 372 3423 non
403 3361 586 3425 habebatur.
617 3367 765 3429 Solaicos
797 3365 838 3426 ad
865 3377 995 3449 gentem
1024 3367 1229 3430 Banu-Sahd
1248 3390 1324 3450 per-

225 3470 357 3551 tinebat,
383 3490 465 3551 quae
491 3491 567 3552 pars
591 3475 698 3554 gentis
720 3473 842 3534 'semim
869 3483 946 3534 erat.
989 3473 1097 3535 Mater
1121 3476 1201 3556 eius,
1222 3493 1321 3557 aqua

223 3596 337 3639 nomen
360 3578 496 3663 accepit,
525 3580 667 3642 Solacah
699 3580 870 3660 appellata,
900 3581 993 3661 nigra
1025 3589 1101 3641 erat.
1144 3580 1326 3648 Abu-Oh-

225 3685 378 3746 oauams
408 3707 478 3750 eum
506 3687 599 3748 sima
618 3705 690 3749 cum
720 3667 977 3769 armoniascnno
1005 3684 1237 3764 ben-wahan
1260 3688 1327 3750 m-

223 3791 322 3852 heiita
355 3801 388 3853 et
413 3781 500 3853 dufo
527 3793 734 3870 ben-Mathe
756 3793 929 3873 Maserius,
954 3793 1006 3873 qui
1028 3791 1216 3856 obcursum
1239 3794 1327 3855 cetea

226 3913 291 3956 rem
318 3895 463 3960 celebres
482 3904 582 3978 erent,
605 3897 788 3973 nominavit

692 4009 708 4038 0
824 3990 836 4014 J

531 4016 637 4160 ᾠω
672 4081 739 4197 0⁴3
776 3997 915 4142 „izi
951 4062 1015 4141 rrr

161 4231 164 4238 ’
226 4242 313 4308 232.
371 4235 570 4312 Crudelior
596 4240 633 4309 in
660 4240 816 4339 prolem,
844 4268 957 4342 qrrem
985 4245 1133 4319 lacertu.
1230 4303 1233 4310 „
1338 4294 1341 4302 ι
