2986 4914
249 479 279 540 ei
316 477 460 560 dimittis,
491 485 625 540 catenas
661 495 741 540 esse
773 483 887 561 puto's,
919 497 1004 563 quoto
1038 481 1067 544 si
1094 483 1214 568 pectis,
1251 481 1355 546 dicier

248 587 366 650 racemi
387 592 470 668 sunt,
502 601 584 668 quos
608 583 708 648 imber
720 587 851 666 retexit3
874 587 937 649 duo
951 587 1370 674 superciliatonquamca·'

248 693 331 754 lamo
355 693 439 774 picta
461 702 517 756 ant
539 695 676 758 carbone
697 693 904 778 superducta,
926 695 1028 780 nigra,
1051 714 1135 778 quae
1156 697 1355 760 siout‘ocu-

249 802 298 862 lus
321 802 467 864 dorcadis
488 802 640 880 pulchrae
663 818 762 864 curva
783 809 866 864 sunt.
908 804 994 866 luter
1014 822 1053 865 ea
1075 813 1128 868 est
1148 823 1248 867 nasus
1279 805 1353 884 (te-

249 907 342 987 nuis)
364 916 398 969 ut
419 908 529 987 cuspis
551 905 647 987 gladii
669 907 857 989 Zebiilrtici,
880 926 974 988 quern
997 907 1079 972 duae
1101 910 1233 990 cingunt
1245 930 1353 993 genae

247 1034 427 1097 purpureae
447 1013 541 1076 simul
551 1015 644 1076 albae
664 1015 747 1075 sicut
766 1017 1008 1096 margaritarum
1031 1017 1146 1078 albedo
1168 1027 1228 1080 est
1251 1019 1299 1079 lbi
1314 1038 1351 1080 os

250 1119 406 1185 diffissum
429 1130 483 1184 est
502 1121 617 1182 annulo
623 1163 636 1201 ,
659 1139 722 1200 quo
744 1121 884 1202 sigillum
909 1121 1108 1205 imprimitur,
1124 1124 1238 1202 simile,
1258 1123 1352 1186 dulce

250 1228 367 1310 rideas,
390 1230 552 1309 impletum
574 1227 718 1288 dontibus
739 1227 979 1306 splendentibus
1003 1229 1204 1311 acuminatis,
1232 1232 1269 1295 ia
1287 1249 1351 1312 quo

250 1355 288 1398 se
311 1345 421 1398 movet
442 1337 551 1416 lin'gua
571 1336 709 1398 facunda
731 1344 764 1396 et
785 1335 923 1414 diserta,
946 1354 1017 1398 curn
1039 1355 1164 1401 summa
1184 1338 1355 1418 prudentia

249 1445 382 1524 loquens
396 1451 428 1504 et
442 1443 549 1503 statim
565 1441 771 1522 respondeus.
793 1444 865 1506 Duo
874 1449 982 1518 autom
991 1443 1075 1505 lobia
1085 1446 1181 1506 rubore
1192 1445 1253 1506 sibi
1266 1446 1354 1508 iovi-

252 1566 321 1610 cem
343 1557 526 1628 occurrunt,
548 1567 629 1629 quae
650 1557 779 1628 sputum
802 1549 896 1611 dulce
926 1551 1071 1638 eliciunt,
1095 1559 1130 1612 ut
1150 1553 1247 1614 savus
1269 1555 1354 1614 mel-

251 1655 301 1736 lis,
324 1653 450 1736 quaudo
474 1655 670 1735 exprimitur,
692 1655 722 1715 in
745 1657 828 1718 collo
852 1655 922 1718 albo
944 1657 1027 1719 sicut
1049 1667 1235 1742 argeutum,
1268 1661 1354 1723 elato

214 1841 217 1849 Α
251 1762 282 1824 in
303 1772 443 1844 pectore,
466 1761 549 1844 quod
571 1763 674 1826 simile
696 1773 748 1824 est
768 1764 891 1844 pectori
917 1761 992 1825 idoli
1022 1784 1065 1826 ex
1094 1783 1252 1827 marmore
1287 1767 1356 1831 fleti

251 1877 284 1930 et
305 1870 434 1932 brachia
455 1869 518 1932 duo
541 1870 664 1950 laevia,
698 1870 728 1930 in
750 1870 842 1930 cuius
871 1869 1082 1932 anterioribus
1107 1873 1249 1958 portibps
1283 1893 1356 1937 cum

250 1976 288 2036 iis
312 1977 487 2042 coniunctis
509 1995 613 2058 neque
635 1995 671 2038 os
694 1977 837 2058 tangitur
857 1995 963 2057 neque
991 1996 1078 2039 vena
1105 1973 1264 2060 polpaodo
1293 1999 1355 2043 co·

250 2086 372 2167 guosci·
386 2093 494 2168 potest
516 2105 588 2146 oum
611 2085 734 2148 duobus
756 2085 901 2146 manibus
923 2085 1031 2146 tenuia
1059 2104 1137 2148 ossa
1164 2088 1355 2150 habentibus

250 2211 433 2276 nervosque
453 2194 555 2274 lenes,
578 2211 710 2273 quarum
732 2189 849 2273 digitos
874 2191 937 2270 (ita
963 2191 1077 2253 molles
1105 2192 1209 2281 suut),
1232 2194 1261 2256 si
1289 2195 1354 2278 vis,

250 2299 370 2362 nodare
391 2307 496 2382 potes,
538 2301 575 2360 lu
597 2301 657 2360 isto
687 2308 793 2360 autem
824 2308 955 2381 pectere
985 2287 1122 2364 eminent
1143 2299 1225 2362 duae
1249 2321 1355 2367 mam·
1475 2346 1476 2356 κ

250 2423 323 2467 mae
345 2404 465 2466 similes
489 2403 613 2466 duobus
636 2405 727 2465 malis
756 2406 912 2487 Punicis,
946 2424 1030 2494 quae
1057 2407 1126 2468 eius
1146 2415 1260 2469 vestes
1298 2409 1355 2482 (ob

251 2523 370 2576 motum
393 2511 538 2591 firmum)
564 2513 715 2574 locarant,
746 2513 814 2576 Sub
835 2513 888 2575 illa
910 2533 945 2573 re
966 2522 1081 2576 venter
1103 2524 1165 2596 est,
1186 2515 1240 2594 qui
1262 2532 1355 2578 com-

250 2621 385 2703 plicatus
408 2627 460 2682 est
481 2619 587 2705 modo,
610 2639 673 2701 quo
694 2622 789 2700 penui
808 2622 1003 2702 Aegyptieci
1026 2621 1262 2703 (albi,tenues)
1284 2624 1356 2685 lae·

248 2745 314 2791 ves
327 2729 568 2808 complicantur,
584 2729 675 2809 plicis
687 2730 727 2789 ob
748 2730 936 2791 obesitatem
957 2731 1128 2792 instructus
1142 2731 1243 2792 instar
1258 2731 1356 2794 abar·

251 2845 355 2898 terum
376 2837 631 2898 convolaturum.
675 2835 813 2897 Adiacet
835 2844 940 2898 autom
967 2839 1038 2900 istis
1067 2839 1158 2920 plicis
1187 2839 1356 2905 umbilicus

254 2945 412 3022 ampullae
434 2942 574 3002 oleariae
592 2939 750 3012 ‚detersae
776 2943 897 3006 similis.
939 2946 1029 3010 Pone
1058 2947 1135 3008 illud
1164 2945 1303 3027 dorsum,
1324 2948 1356 3009 iu

252 3069 314 3134 quo
335 3049 437 3111 rivulo
463 3048 575 3109 similis
603 3051 729 3114 cavitas
760 3059 822 3133 est,
850 3069 931 3132 quae
967 3051 1113 3135 perducit
1135 3052 1175 3115 od
1204 3052 1354 3135 medium,

252 3158 337 3239 quod
360 3155 418 3238 (ob
440 3148 653 3237 tenuitatem),
676 3158 705 3218 si
727 3159 787 3220 Dei
807 3177 869 3219 non
892 3157 1009 3222 luisset
1029 3158 1259 3242 misericordia,
1279 3180 1356 3241 pro-

253 3266 339 3339 fecto
361 3265 529 3345 abruptum
560 3263 682 3326 fuisset.
726 3265 766 3326 lli
795 3273 846 3326 est
874 3264 998 3348 podex,
1032 3268 1086 3346 qui
1114 3285 1212 3347 quum
1241 3265 1353 3348 surgit,

254 3371 366 3453 efficit,
383 3381 423 3452 ut
445 3369 572 3451 sedeat,
595 3379 628 3431 et
650 3387 746 3450 quum
768 3369 874 3452 sedet,
897 3380 931 3432 ut
951 3381 1085 3452 surgeat
1098 3371 1208 3452 efficit,
1231 3375 1354 3434 cumulo

254 3495 372 3542 arenee
392 3478 525 3558 similia,
546 3495 638 3557 quem
661 3463 714 3538 ros
738 3476 891 3538 decidens
912 3475 1033 3540 firmum
1055 3477 1199 3558 reddidit,
1223 3497 1356 3560 eumque

253 3585 317 3648 duo
339 3587 463 3650 femora
483 3585 641 3648 sustinent
662 3601 786 3658 crassa,
807 3584 868 3644 sub
891 3585 1005 3663 quibus
1027 3584 1090 3647 duo
1112 3603 1208 3648 crura
1221 3584 1355 3649 rotunda

251 3701 326 3756 suut
347 3693 460 3754 similia
484 3692 528 3752 rei
550 3688 712 3772 llordrjjab
734 3690 942 3767 appellatae¹)
963 3692 1062 3752 mixta
1084 3693 1222 3753 crinibus
1243 3693 1351 3776 nigris,

254 3800 347 3880 quasi
377 3797 493 3859 annulli
522 3795 642 3858 loricae
664 3795 739 3877 sint,
763 3794 847 3874 quod
868 3804 995 3876 portant
1016 3796 1081 3884 duo
1102 3797 1202 3877 pedes
1222 3801 1352 3882 linguae

255 3950 506 3963 ——u—-n—

166 4055 171 4066 '
272 4055 302 4114 1)
321 4051 461 4116 Quaenam
480 4051 555 4102 vocis
572 4047 656 4136 ’ῳρ
673 4029 900 4119 εἰςιιῑῐίοιιιίοέῑι,
930 4055 1106 4106 vehementer
1129 4055 1357 4122 dubito,nullan1

321 4162 391 4210 enim
414 4163 441 4211 ln
465 4159 559 4210 lexicis
581 4157 703 4221 reperio,
728 4171 796 4220 qnae
821 4160 864 4210 isti
880 4160 921 4211 rei
939 4165 1138 4223 comparandae
1156 4167 1221 4226 opta
1237 4175 1300 4214 esse
1317 4163 1359 4213 oi-

324 4253 426 4302 tlaetur.
543 4281 547 4289 .
