<?xml version="1.0" encoding="UTF-8"?>
<!DOCTYPE html PUBLIC "-//W3C//DTD XHTML 1.0 Transitional//EN"
    "http://www.w3.org/TR/xhtml1/DTD/xhtml1-transitional.dtd">
<html xmlns="http://www.w3.org/1999/xhtml" xml:lang="en" lang="en">
 <head>
  <title>
</title>
<meta http-equiv="Content-Type" content="text/html;charset=utf-8" />
  <meta name='ocr-system' content='tesseract 3.04.00' />
  <meta name='ocr-capabilities' content='ocr_page ocr_carea ocr_par ocr_line ocrx_word'/>
</head>
<body>
  <div class='ocr_page' id='page_1' title='image "./arabumproverbia00alfgoog_0064.png"; bbox 0 0 2942 4936; ppageno 0'>
   <div class='ocr_carea' id='block_1_1' title="bbox 577 343 793 410">
    <p class='ocr_par' dir='ltr' id='par_1_1' title="bbox 577 343 793 410">
     <span class='ocr_line' id='line_1_1' title="bbox 577 343 793 410; baseline 0 0"><span class='ocrx_word' id='word_1_1' title='bbox 577 379 618 394; x_wconf 81' lang='grc'>-</span> <span class='ocrx_word' id='word_1_2' title='bbox 659 344 703 410; x_wconf 74' lang='lat' dir='ltr'>eo</span> <span class='ocrx_word' id='word_1_3' title='bbox 727 343 793 396; x_wconf 83' lang='lat'>·-·</span> 
     </span>
    </p>
   </div>
   <div class='ocr_carea' id='block_1_2' title="bbox 328 529 1090 755">
    <p class='ocr_par' dir='ltr' id='par_1_2' title="bbox 328 529 1090 755">
     <span class='ocr_line' id='line_1_2' title="bbox 328 529 1090 755; baseline 0.003 -71"><span class='ocrx_word' id='word_1_4' title='bbox 328 529 1090 755; x_wconf 29' lang='lat' dir='ltr'>§wemma</span> 
     </span>
    </p>
   </div>
   <div class='ocr_carea' id='block_1_3' title="bbox 126 809 1252 1991">
    <p class='ocr_par' dir='ltr' id='par_1_3' title="bbox 130 809 1233 914">
     <span class='ocr_line' id='line_1_3' title="bbox 130 809 1233 914; baseline -0.009 -26"><span class='ocrx_word' id='word_1_5' title='bbox 130 821 163 888; x_wconf 84' lang='lat'>3.</span> <span class='ocrx_word' id='word_1_6' title='bbox 217 813 318 887; x_wconf 89' lang='lat' dir='ltr'>Puto</span> <span class='ocrx_word' id='word_1_7' title='bbox 332 811 431 885; x_wconf 86' lang='lat' dir='ltr'>hanc</span> <span class='ocrx_word' id='word_1_8' title='bbox 446 829 606 884; x_wconf 85' lang='lat' dir='ltr'>vestram</span> <span class='ocrx_word' id='word_1_9' title='bbox 618 838 754 912; x_wconf 86' lang='lat' dir='ltr'>aquam</span> <span class='ocrx_word' id='word_1_10' title='bbox 781 838 858 886; x_wconf 87' lang='lat' dir='ltr'>esse</span> <span class='ocrx_word' id='word_1_11' title='bbox 877 840 1013 914; x_wconf 84' lang='lat' dir='ltr'>aquom</span> <span class='ocrx_word' id='word_1_12' title='bbox 1030 809 1233 914; x_wconf 78' lang='lat' dir='ltr'>amplexus,</span> 
     </span>
    </p>

    <p class='ocr_par' dir='ltr' id='par_1_4' title="bbox 126 936 1252 1991">
     <span class='ocr_line' id='line_1_4' title="bbox 213 936 1235 1020; baseline -0.006 -20"><span class='ocrx_word' id='word_1_13' title='bbox 213 937 389 1000; x_wconf 89' lang='lat' dir='ltr'>Proverbio</span> <span class='ocrx_word' id='word_1_14' title='bbox 409 937 484 999; x_wconf 87' lang='lat' dir='ltr'>huic</span> <span class='ocrx_word' id='word_1_15' title='bbox 507 938 601 999; x_wconf 89' lang='lat' dir='ltr'>talem</span> <span class='ocrx_word' id='word_1_16' title='bbox 623 937 724 998; x_wconf 81' lang='lat' dir='ltr'>fuisse</span> <span class='ocrx_word' id='word_1_17' title='bbox 747 938 900 1020; x_wconf 76' lang='lat' dir='ltr'>originem</span> <span class='ocrx_word' id='word_1_18' title='bbox 922 947 1058 1000; x_wconf 89' lang='lat' dir='ltr'>narrant.</span> <span class='ocrx_word' id='word_1_19' title='bbox 1080 937 1141 999; x_wconf 92' lang='lat' dir='ltr'>Vir</span> <span class='ocrx_word' id='word_1_20' title='bbox 1162 936 1235 1018; x_wconf 89' lang='lat' dir='ltr'>qui-</span> 
     </span>
     <span class='ocr_line' id='line_1_5' title="bbox 130 1044 1235 1128; baseline -0.001 -21"><span class='ocrx_word' id='word_1_21' title='bbox 130 1045 204 1107; x_wconf 83' lang='lat' dir='ltr'>dam</span> <span class='ocrx_word' id='word_1_22' title='bbox 227 1064 341 1126; x_wconf 84' lang='lat' dir='ltr'>aquarn</span> <span class='ocrx_word' id='word_1_23' title='bbox 363 1044 436 1106; x_wconf 93' lang='lat' dir='ltr'>dum</span> <span class='ocrx_word' id='word_1_24' title='bbox 464 1044 649 1127; x_wconf 78' lang='lat' dir='ltr'>hauriebat,</span> <span class='ocrx_word' id='word_1_25' title='bbox 682 1045 713 1105; x_wconf 92' lang='lat' dir='ltr'>in</span> <span class='ocrx_word' id='word_1_26' title='bbox 742 1063 827 1128; x_wconf 91' lang='lat' dir='ltr'>aqua</span> <span class='ocrx_word' id='word_1_27' title='bbox 857 1047 961 1108; x_wconf 83' lang='lat' dir='ltr'>virum</span> <span class='ocrx_word' id='word_1_28' title='bbox 988 1047 1019 1107; x_wconf 91' lang='lat' dir='ltr'>iu</span> <span class='ocrx_word' id='word_1_29' title='bbox 1048 1045 1141 1107; x_wconf 93' lang='lat' dir='ltr'>domo</span> <span class='ocrx_word' id='word_1_30' title='bbox 1173 1064 1235 1106; x_wconf 86' lang='lat' dir='ltr'>sua</span> 
     </span>
     <span class='ocr_line' id='line_1_6' title="bbox 131 1153 1234 1236; baseline -0.002 -20"><span class='ocrx_word' id='word_1_31' title='bbox 131 1154 312 1236; x_wconf 79' lang='lat' dir='ltr'><strong>conspexit,</strong></span> <span class='ocrx_word' id='word_1_32' title='bbox 335 1153 387 1234; x_wconf 92' lang='lat' dir='ltr'>qui</span> <span class='ocrx_word' id='word_1_33' title='bbox 409 1172 540 1214; x_wconf 91' lang='lat' dir='ltr'>uxorem</span> <span class='ocrx_word' id='word_1_34' title='bbox 568 1153 822 1231; x_wconf 79' lang='lat' dir='ltr'>amplectebatur</span> <span class='ocrx_word' id='word_1_35' title='bbox 851 1161 884 1214; x_wconf 90' lang='lat' dir='ltr'>et</span> <span class='ocrx_word' id='word_1_36' title='bbox 912 1153 1129 1216; x_wconf 81' lang='lat' dir='ltr'>osculabatur.</span> <span class='ocrx_word' id='word_1_37' title='bbox 1167 1153 1234 1214; x_wconf 87' lang='lat' dir='ltr'>Ar-</span> 
     </span>
     <span class='ocr_line' id='line_1_7' title="bbox 129 1257 1235 1344; baseline -0.002 -20"><span class='ocrx_word' id='word_1_38' title='bbox 129 1263 225 1342; x_wconf 88' lang='lat' dir='ltr'>ripuit</span> <span class='ocrx_word' id='word_1_39' title='bbox 244 1263 342 1344; x_wconf 88' lang='lat' dir='ltr'>igitur</span> <span class='ocrx_word' id='word_1_40' title='bbox 361 1257 510 1323; x_wconf 84' lang='lat' dir='ltr'>baculum</span> <span class='ocrx_word' id='word_1_41' title='bbox 532 1262 677 1323; x_wconf 70' lang='lat' dir='ltr'>celeriter</span> <span class='ocrx_word' id='word_1_42' title='bbox 698 1279 879 1323; x_wconf 87' lang='lat' dir='ltr'>accurrens.</span> <span class='ocrx_word' id='word_1_43' title='bbox 901 1261 992 1323; x_wconf 87' lang='lat' dir='ltr'>Uxor</span> <span class='ocrx_word' id='word_1_44' title='bbox 1012 1269 1131 1343; x_wconf 68' lang='lat' dir='ltr'>aretem,</span> <span class='ocrx_word' id='word_1_45' title='bbox 1153 1280 1235 1342; x_wconf 88' lang='lat' dir='ltr'>quae</span> 
     </span>
     <span class='ocr_line' id='line_1_8' title="bbox 128 1368 1235 1453; baseline 0 -22"><span class='ocrx_word' id='word_1_46' title='bbox 128 1372 273 1432; x_wconf 86' lang='lat' dir='ltr'>maritum</span> <span class='ocrx_word' id='word_1_47' title='bbox 293 1373 357 1431; x_wconf 89' lang='lat' dir='ltr'>isto</span> <span class='ocrx_word' id='word_1_48' title='bbox 380 1368 475 1431; x_wconf 93' lang='lat' dir='ltr'>modo</span> <span class='ocrx_word' id='word_1_49' title='bbox 497 1378 717 1431; x_wconf 85' lang='lat' dir='ltr'>accurrentem</span> <span class='ocrx_word' id='word_1_50' title='bbox 739 1369 879 1453; x_wconf 78' lang='lat' dir='ltr'>videret,</span> <span class='ocrx_word' id='word_1_51' title='bbox 908 1371 1010 1432; x_wconf 91' lang='lat' dir='ltr'>virum</span> <span class='ocrx_word' id='word_1_52' title='bbox 1032 1371 1127 1432; x_wconf 89' lang='lat' dir='ltr'>istum</span> <span class='ocrx_word' id='word_1_53' title='bbox 1153 1370 1235 1431; x_wconf 88' lang='lat' dir='ltr'>inter</span> 
     </span>
     <span class='ocr_line' id='line_1_9' title="bbox 126 1467 1234 1541; baseline 0.002 -5"><span class='ocrx_word' id='word_1_54' title='bbox 126 1467 261 1537; x_wconf 70' lang='lat' dir='ltr'>talorum</span> <span class='ocrx_word' id='word_1_55' title='bbox 305 1476 431 1537; x_wconf 89' lang='lat' dir='ltr'>tentorii</span> <span class='ocrx_word' id='word_1_56' title='bbox 463 1483 495 1537; x_wconf 88' lang='lat' dir='ltr'>et</span> <span class='ocrx_word' id='word_1_57' title='bbox 530 1477 677 1539; x_wconf 83' lang='lat' dir='ltr'>utensilia</span> <span class='ocrx_word' id='word_1_58' title='bbox 712 1477 920 1541; x_wconf 82' lang='lat' dir='ltr'>abscondidit.</span> <span class='ocrx_word' id='word_1_59' title='bbox 962 1479 1023 1540; x_wconf 91' lang='lat' dir='ltr'>Vir</span> <span class='ocrx_word' id='word_1_60' title='bbox 1059 1477 1234 1540; x_wconf 89' lang='lat' dir='ltr'>adveniens</span> 
     </span>
     <span class='ocr_line' id='line_1_10' title="bbox 127 1581 1236 1668; baseline 0.004 -24"><span class='ocrx_word' id='word_1_61' title='bbox 127 1582 346 1644; x_wconf 77' lang='lat' dir='ltr'>sinistrorsum</span> <span class='ocrx_word' id='word_1_62' title='bbox 369 1592 402 1644; x_wconf 87' lang='lat' dir='ltr'>ot</span> <span class='ocrx_word' id='word_1_63' title='bbox 423 1582 624 1646; x_wconf 84' lang='lat' dir='ltr'>dextrorsum</span> <span class='ocrx_word' id='word_1_64' title='bbox 656 1603 696 1646; x_wconf 89' lang='lat' dir='ltr'>se</span> <span class='ocrx_word' id='word_1_65' title='bbox 722 1581 940 1668; x_wconf 69' lang='lat' dir='ltr'>convertens}</span> <span class='ocrx_word' id='word_1_66' title='bbox 981 1605 1073 1666; x_wconf 87' lang='lat' dir='ltr'>quem</span> <span class='ocrx_word' id='word_1_67' title='bbox 1100 1587 1236 1667; x_wconf 75' lang='lat' dir='ltr'>putabat</span> 
     </span>
     <span class='ocr_line' id='line_1_11' title="bbox 128 1690 1252 1778; baseline 0.002 -24"><span class='ocrx_word' id='word_1_68' title='bbox 128 1690 249 1754; x_wconf 79' lang='lat' dir='ltr'>adesso</span> <span class='ocrx_word' id='word_1_69' title='bbox 270 1691 385 1776; x_wconf 80' lang='lat' dir='ltr'>virum,</span> <span class='ocrx_word' id='word_1_70' title='bbox 407 1712 471 1754; x_wconf 90' lang='lat' dir='ltr'>nun</span> <span class='ocrx_word' id='word_1_71' title='bbox 492 1692 582 1756; x_wconf 90' lang='lat' dir='ltr'>vidit.</span> <span class='ocrx_word' id='word_1_72' title='bbox 625 1694 713 1756; x_wconf 85' lang='lat' dir='ltr'>Abiit</span> <span class='ocrx_word' id='word_1_73' title='bbox 739 1695 854 1778; x_wconf 81' lang='lat' dir='ltr'>igitur,</span> <span class='ocrx_word' id='word_1_74' title='bbox 890 1713 928 1758; x_wconf 85' lang='lat' dir='ltr'>se</span> <span class='ocrx_word' id='word_1_75' title='bbox 955 1713 1082 1758; x_wconf 86' lang='lat' dir='ltr'>errasse</span> <span class='ocrx_word' id='word_1_76' title='bbox 1110 1703 1252 1775; x_wconf 59' lang='lat' dir='ltr'>putans„</span> 
     </span>
     <span class='ocr_line' id='line_1_12' title="bbox 128 1799 1236 1886; baseline 0.002 -24"><span class='ocrx_word' id='word_1_77' title='bbox 128 1799 247 1864; x_wconf 83' lang='lat' dir='ltr'>Mulier</span> <span class='ocrx_word' id='word_1_78' title='bbox 281 1807 388 1862; x_wconf 82' lang='lat' dir='ltr'>autem</span> <span class='ocrx_word' id='word_1_79' title='bbox 415 1811 450 1862; x_wconf 91' lang='lat' dir='ltr'>ut</span> <span class='ocrx_word' id='word_1_80' title='bbox 478 1801 712 1886; x_wconf 75' lang='lat' dir='ltr'>suspicionem,</span> <span class='ocrx_word' id='word_1_81' title='bbox 750 1820 844 1885; x_wconf 86' lang='lat' dir='ltr'>quam</span> <span class='ocrx_word' id='word_1_82' title='bbox 873 1803 1019 1865; x_wconf 87' lang='lat' dir='ltr'>maritum</span> <span class='ocrx_word' id='word_1_83' title='bbox 1047 1803 1236 1881; x_wconf 83' lang='lat' dir='ltr'>concepisse</span> 
     </span>
     <span class='ocr_line' id='line_1_13' title="bbox 129 1906 1237 1991; baseline 0 -23"><span class='ocrx_word' id='word_1_84' title='bbox 129 1907 265 1986; x_wconf 85' lang='lat' dir='ltr'>sciebat,</span> <span class='ocrx_word' id='word_1_85' title='bbox 289 1907 413 1969; x_wconf 92' lang='lat' dir='ltr'>omnino</span> <span class='ocrx_word' id='word_1_86' title='bbox 437 1907 576 1990; x_wconf 81' lang='lat' dir='ltr'>tolleret,</span> <span class='ocrx_word' id='word_1_87' title='bbox 598 1927 669 1969; x_wconf 93' lang='lat' dir='ltr'>enm</span> <span class='ocrx_word' id='word_1_88' title='bbox 692 1906 766 1988; x_wconf 91' lang='lat' dir='ltr'>quid</span> <span class='ocrx_word' id='word_1_89' title='bbox 788 1917 891 1991; x_wconf 86' lang='lat' dir='ltr'>esset,</span> <span class='ocrx_word' id='word_1_90' title='bbox 913 1909 1132 1990; x_wconf 84' lang='lat' dir='ltr'>interrogavit.</span> <span class='ocrx_word' id='word_1_91' title='bbox 1177 1908 1237 1969; x_wconf 92' lang='lat' dir='ltr'>Vir</span> 
     </span>
    </p>
   </div>
   <div class='ocr_carea' id='block_1_4' title="bbox 132 2003 1355 2094">
    <p class='ocr_par' dir='ltr' id='par_1_5' title="bbox 132 2003 1355 2094">
     <span class='ocr_line' id='line_1_14' title="bbox 132 2003 1355 2094; baseline -0.001 -18"><span class='ocrx_word' id='word_1_92' title='bbox 132 2023 237 2076; x_wconf 86' lang='lat' dir='ltr'>autem</span> <span class='ocrx_word' id='word_1_93' title='bbox 267 2032 333 2074; x_wconf 90' lang='lat' dir='ltr'>rem</span> <span class='ocrx_word' id='word_1_94' title='bbox 367 2014 494 2075; x_wconf 80' lang='lat' dir='ltr'>celabat</span> <span class='ocrx_word' id='word_1_95' title='bbox 523 2024 556 2076; x_wconf 89' lang='lat' dir='ltr'>et</span> <span class='ocrx_word' id='word_1_96' title='bbox 588 2014 629 2075; x_wconf 89' lang='lat' dir='ltr'>ad</span> <span class='ocrx_word' id='word_1_97' title='bbox 661 2003 966 2094; x_wconf 59' lang='lat' dir='ltr'>opusjqsaoiendum¹</span> <span class='ocrx_word' id='word_1_98' title='bbox 981 2015 1113 2076; x_wconf 83' lang='lat' dir='ltr'>redibat.</span> <span class='ocrx_word' id='word_1_99' title='bbox 1156 2017 1237 2077; x_wconf 78' lang='lat' dir='ltr'>&#39;lum</span> <span class='ocrx_word' id='word_1_100' title='bbox 1351 2077 1355 2090; x_wconf 57' lang='grc'><strong>,</strong></span> 
     </span>
    </p>
   </div>
   <div class='ocr_carea' id='block_1_5' title="bbox 132 2113 1239 2218">
    <p class='ocr_par' dir='ltr' id='par_1_6' title="bbox 132 2113 1239 2218">
     <span class='ocr_line' id='line_1_15' title="bbox 132 2113 1239 2218; baseline 0.002 -36"><span class='ocrx_word' id='word_1_101' title='bbox 132 2140 227 2201; x_wconf 91' lang='lat' dir='ltr'>quum</span> <span class='ocrx_word' id='word_1_102' title='bbox 244 2113 363 2182; x_wconf 74' lang='lat' dir='ltr'>&#39;cameli</span> <span class='ocrx_word' id='word_1_103' title='bbox 386 2118 428 2180; x_wconf 84' lang='lat' dir='ltr'>ad</span> <span class='ocrx_word' id='word_1_104' title='bbox 449 2139 566 2202; x_wconf 82' lang='lat' dir='ltr'>aquam</span> <span class='ocrx_word' id='word_1_105' title='bbox 587 2121 726 2186; x_wconf 88' lang='lat' dir='ltr'>redirent</span> <span class='ocrx_word' id='word_1_106' title='bbox 754 2131 787 2184; x_wconf 89' lang='lat' dir='ltr'>et</span> <span class='ocrx_word' id='word_1_107' title='bbox 815 2123 928 2183; x_wconf 89' lang='lat' dir='ltr'>iterum</span> <span class='ocrx_word' id='word_1_108' title='bbox 955 2141 1038 2203; x_wconf 88' lang='lat' dir='ltr'>aqua</span> <span class='ocrx_word' id='word_1_109' title='bbox 1065 2121 1239 2218; x_wconf 75' lang='lat' dir='ltr'>hauriendo</span> 
     </span>
    </p>
   </div>
   <div class='ocr_carea' id='block_1_6' title="bbox 134 2225 1331 2310">
    <p class='ocr_par' dir='ltr' id='par_1_7' title="bbox 134 2225 1331 2310">
     <span class='ocr_line' id='line_1_16' title="bbox 134 2225 1331 2310; baseline -0.001 -21"><span class='ocrx_word' id='word_1_110' title='bbox 134 2232 236 2307; x_wconf 80' lang='lat' dir='ltr'>esset,</span> <span class='ocrx_word' id='word_1_111' title='bbox 259 2245 341 2286; x_wconf 93' lang='lat' dir='ltr'>uxor</span> <span class='ocrx_word' id='word_1_112' title='bbox 362 2225 450 2286; x_wconf 85' lang='lat' dir='ltr'>dixit.</span> <span class='ocrx_word' id='word_1_113' title='bbox 493 2228 666 2310; x_wconf 77' lang='lat' dir='ltr'>l&#39;ermittas</span> <span class='ocrx_word' id='word_1_114' title='bbox 687 2248 740 2290; x_wconf 90' lang='lat' dir='ltr'>me</span> <span class='ocrx_word' id='word_1_115' title='bbox 760 2247 817 2310; x_wconf 93' lang='lat' dir='ltr'>pro</span> <span class='ocrx_word' id='word_1_116' title='bbox 839 2238 871 2290; x_wconf 87' lang='lat' dir='ltr'>te</span> <span class='ocrx_word' id='word_1_117' title='bbox 893 2246 1008 2308; x_wconf 83' lang='lat' dir='ltr'>aquam</span> <span class='ocrx_word' id='word_1_118' title='bbox 1029 2227 1175 2301; x_wconf 85' lang='lat' dir='ltr'>haurire,</span> <span class='ocrx_word' id='word_1_119' title='bbox 1206 2236 1238 2288; x_wconf 91' lang='lat' dir='ltr'>tu</span> <span class='ocrx_word' id='word_1_120' title='bbox 1326 2225 1331 2236; x_wconf 76' lang='grc'><strong>“</strong></span> 
     </span>
    </p>
   </div>
   <div class='ocr_carea' id='block_1_7' title="bbox 50 2342 1242 3420">
    <p class='ocr_par' dir='ltr' id='par_1_8' title="bbox 50 2342 1242 3420">
     <span class='ocr_line' id='line_1_17' title="bbox 135 2342 1238 2425; baseline 0.001 -22"><span class='ocrx_word' id='word_1_121' title='bbox 135 2342 217 2403; x_wconf 87' lang='lat' dir='ltr'>enirn</span> <span class='ocrx_word' id='word_1_122' title='bbox 246 2343 401 2425; x_wconf 83' lang='lat' dir='ltr'>fatigatus</span> <span class='ocrx_word' id='word_1_123' title='bbox 432 2361 479 2408; x_wconf 87' lang='lat' dir='ltr'>os.</span> <span class='ocrx_word' id='word_1_124' title='bbox 522 2343 658 2406; x_wconf 84' lang='lat' dir='ltr'>Maritus</span> <span class='ocrx_word' id='word_1_125' title='bbox 687 2345 719 2405; x_wconf 94' lang='lat' dir='ltr'>in</span> <span class='ocrx_word' id='word_1_126' title='bbox 748 2345 875 2406; x_wconf 92' lang='lat' dir='ltr'>domum</span> <span class='ocrx_word' id='word_1_127' title='bbox 905 2342 973 2407; x_wconf 89' lang='lat' dir='ltr'>ivit.</span> <span class='ocrx_word' id='word_1_128' title='bbox 1017 2344 1109 2406; x_wconf 86' lang='lat' dir='ltr'>Uxor</span> <span class='ocrx_word' id='word_1_129' title='bbox 1131 2352 1238 2406; x_wconf 88' lang='lat' dir='ltr'>autern</span> 
     </span>
     <span class='ocr_line' id='line_1_18' title="bbox 135 2451 1241 2536; baseline -0.002 -21"><span class='ocrx_word' id='word_1_130' title='bbox 135 2454 249 2516; x_wconf 89' lang='lat' dir='ltr'>baculo</span> <span class='ocrx_word' id='word_1_131' title='bbox 272 2462 411 2536; x_wconf 80' lang='lat' dir='ltr'>arrepto,</span> <span class='ocrx_word' id='word_1_132' title='bbox 435 2472 531 2534; x_wconf 89' lang='lat' dir='ltr'>quum</span> <span class='ocrx_word' id='word_1_133' title='bbox 553 2453 686 2514; x_wconf 83' lang='lat' dir='ltr'>moritus</span> <span class='ocrx_word' id='word_1_134' title='bbox 708 2473 771 2514; x_wconf 89' lang='lat' dir='ltr'>uon</span> <span class='ocrx_word' id='word_1_135' title='bbox 792 2451 1074 2531; x_wconf 83' lang='lat' dir='ltr'>animadverteret,</span> <span class='ocrx_word' id='word_1_136' title='bbox 1104 2452 1241 2514; x_wconf 82' lang='lat' dir='ltr'>accurrit</span> 
     </span>
     <span class='ocr_line' id='line_1_19' title="bbox 134 2551 1241 2642; baseline -0.002 -20"><span class='ocrx_word' id='word_1_137' title='bbox 134 2579 271 2642; x_wconf 85' lang='lat' dir='ltr'>eumque</span> <span class='ocrx_word' id='word_1_138' title='bbox 291 2557 331 2639; x_wconf 69' lang='lat' dir='ltr'>¹in</span> <span class='ocrx_word' id='word_1_139' title='bbox 361 2560 467 2641; x_wconf 86' lang='lat' dir='ltr'>capite</span> <span class='ocrx_word' id='word_1_140' title='bbox 495 2560 687 2621; x_wconf 87' lang='lat' dir='ltr'>vulneravit.</span> <span class='ocrx_word' id='word_1_141' title='bbox 736 2560 893 2642; x_wconf 85' lang='lat' dir='ltr'>Maritus,</span> <span class='ocrx_word' id='word_1_142' title='bbox 928 2560 1023 2621; x_wconf 87' lang='lat' dir='ltr'>Vaeh</span> <span class='ocrx_word' id='word_1_143' title='bbox 1053 2551 1124 2621; x_wconf 80' lang='lat' dir='ltr'>ubit</span> <span class='ocrx_word' id='word_1_144' title='bbox 1161 2558 1241 2642; x_wconf 84' lang='lat' dir='ltr'>quid</span> 
     </span>
     <span class='ocr_line' id='line_1_20' title="bbox 133 2661 1240 2749; baseline -0.002 -19"><span class='ocrx_word' id='word_1_145' title='bbox 133 2669 188 2731; x_wconf 89' lang='lat' dir='ltr'>tibi</span> <span class='ocrx_word' id='word_1_146' title='bbox 200 2663 278 2730; x_wconf 68' lang='lat' dir='ltr'>esti</span> <span class='ocrx_word' id='word_1_147' title='bbox 301 2667 397 2748; x_wconf 82' lang='lat' dir='ltr'>dixit3</span> <span class='ocrx_word' id='word_1_148' title='bbox 419 2674 451 2728; x_wconf 90' lang='lat' dir='ltr'>et</span> <span class='ocrx_word' id='word_1_149' title='bbox 460 2687 551 2749; x_wconf 81' lang='lat' dir='ltr'>uxor,</span> <span class='ocrx_word' id='word_1_150' title='bbox 568 2665 641 2748; x_wconf 88' lang='lat' dir='ltr'>quid</span> <span class='ocrx_word' id='word_1_151' title='bbox 650 2665 725 2728; x_wconf 89' lang='lat' dir='ltr'>milri</span> <span class='ocrx_word' id='word_1_152' title='bbox 734 2661 815 2728; x_wconf 68' lang='lat' dir='ltr'>esti</span> <span class='ocrx_word' id='word_1_153' title='bbox 836 2666 1009 2749; x_wconf 85' lang='lat' dir='ltr'>rospondit,</span> <span class='ocrx_word' id='word_1_154' title='bbox 1026 2665 1152 2727; x_wconf 89' lang='lat' dir='ltr'>ubinam</span> <span class='ocrx_word' id='word_1_155' title='bbox 1167 2687 1240 2728; x_wconf 88' lang='lat' dir='ltr'>mu-</span> 
     </span>
     <span class='ocr_line' id='line_1_21' title="bbox 133 2768 1240 2858; baseline -0.003 -20"><span class='ocrx_word' id='word_1_156' title='bbox 133 2776 190 2838; x_wconf 89' lang='lat' dir='ltr'>lier</span> <span class='ocrx_word' id='word_1_157' title='bbox 216 2776 269 2838; x_wconf 82' lang='lat' dir='ltr'>illa</span> <span class='ocrx_word' id='word_1_158' title='bbox 291 2783 359 2858; x_wconf 86' lang='lat' dir='ltr'>est,</span> <span class='ocrx_word' id='word_1_159' title='bbox 382 2793 475 2856; x_wconf 90' lang='lat' dir='ltr'>quam</span> <span class='ocrx_word' id='word_1_160' title='bbox 497 2783 531 2836; x_wconf 90' lang='lat' dir='ltr'>tu</span> <span class='ocrx_word' id='word_1_161' title='bbox 558 2776 724 2854; x_wconf 81' lang='lat' dir='ltr'>amplexus</span> <span class='ocrx_word' id='word_1_162' title='bbox 747 2768 810 2834; x_wconf 70' lang='lat' dir='ltr'>es&#39;l</span> <span class='ocrx_word' id='word_1_163' title='bbox 831 2792 903 2834; x_wconf 92' lang='lat' dir='ltr'>narn</span> <span class='ocrx_word' id='word_1_164' title='bbox 932 2793 995 2855; x_wconf 88' lang='lat' dir='ltr'>ego</span> <span class='ocrx_word' id='word_1_165' title='bbox 1017 2773 1108 2834; x_wconf 87' lang='lat' dir='ltr'>hisco</span> <span class='ocrx_word' id='word_1_166' title='bbox 1138 2773 1240 2835; x_wconf 89' lang='lat' dir='ltr'>oculis</span> 
     </span>
     <span class='ocr_line' id='line_1_22' title="bbox 133 2878 1240 2965; baseline -0.002 -21"><span class='ocrx_word' id='word_1_167' title='bbox 133 2882 215 2944; x_wconf 90' lang='lat' dir='ltr'>meis</span> <span class='ocrx_word' id='word_1_168' title='bbox 235 2901 302 2943; x_wconf 91' lang='lat' dir='ltr'>rem</span> <span class='ocrx_word' id='word_1_169' title='bbox 324 2880 403 2959; x_wconf 88' lang='lat' dir='ltr'>vidi,</span> <span class='ocrx_word' id='word_1_170' title='bbox 427 2880 500 2942; x_wconf 90' lang='lat' dir='ltr'>dum</span> <span class='ocrx_word' id='word_1_171' title='bbox 524 2879 565 2942; x_wconf 93' lang='lat' dir='ltr'>ad</span> <span class='ocrx_word' id='word_1_172' title='bbox 587 2899 704 2961; x_wconf 92' lang='lat' dir='ltr'>aquam</span> <span class='ocrx_word' id='word_1_173' title='bbox 726 2878 870 2942; x_wconf 67' lang='lat' dir='ltr'>stabam?</span> <span class='ocrx_word' id='word_1_174' title='bbox 905 2881 1044 2941; x_wconf 83' lang='lat' dir='ltr'>Maritus</span> <span class='ocrx_word' id='word_1_175' title='bbox 1067 2888 1186 2965; x_wconf 80' lang='lat' dir='ltr'>autem,</span> <span class='ocrx_word' id='word_1_176' title='bbox 1210 2881 1240 2942; x_wconf 90' lang='lat' dir='ltr'>si</span> 
     </span>
     <span class='ocr_line' id='line_1_23' title="bbox 134 2987 1239 3078; baseline 0.002 -28"><span class='ocrx_word' id='word_1_177' title='bbox 134 3008 246 3051; x_wconf 83' lang='lat' dir='ltr'>varum</span> <span class='ocrx_word' id='word_1_178' title='bbox 269 2989 361 3069; x_wconf 88' lang='lat' dir='ltr'>diois,</span> <span class='ocrx_word' id='word_1_179' title='bbox 384 2987 567 3069; x_wconf 83' lang='lat' dir='ltr'>respondit,</span> <span class='ocrx_word' id='word_1_180' title='bbox 596 2987 678 3048; x_wconf 86' lang='lat' dir='ltr'>haec</span> <span class='ocrx_word' id='word_1_181' title='bbox 707 3006 790 3068; x_wconf 80' lang='lat' dir='ltr'>nque</span> <span class='ocrx_word' id='word_1_182' title='bbox 818 2995 930 3048; x_wconf 83' lang='lat' dir='ltr'>vestra</span> <span class='ocrx_word' id='word_1_183' title='bbox 954 3005 1044 3068; x_wconf 55' lang='lat' dir='ltr'>,aquo</span> <span class='ocrx_word' id='word_1_184' title='bbox 1071 2988 1239 3078; x_wconf 85' lang='lat' dir='ltr'>amplexus</span> 
     </span>
     <span class='ocr_line' id='line_1_24' title="bbox 136 3094 1240 3176; baseline 0.001 -20"><span class='ocrx_word' id='word_1_185' title='bbox 136 3104 195 3159; x_wconf 90' lang='lat' dir='ltr'>est.</span> <span class='ocrx_word' id='word_1_186' title='bbox 240 3094 334 3173; x_wconf 84' lang='lat' dir='ltr'>Quae</span> <span class='ocrx_word' id='word_1_187' title='bbox 355 3095 455 3156; x_wconf 86' lang='lat' dir='ltr'>verba</span> <span class='ocrx_word' id='word_1_188' title='bbox 476 3103 591 3175; x_wconf 89' lang='lat' dir='ltr'>postea</span> <span class='ocrx_word' id='word_1_189' title='bbox 612 3095 643 3155; x_wconf 93' lang='lat' dir='ltr'>in</span> <span class='ocrx_word' id='word_1_190' title='bbox 665 3095 824 3176; x_wconf 87' lang='lat' dir='ltr'>proverbii</span> <span class='ocrx_word' id='word_1_191' title='bbox 851 3094 1114 3157; x_wconf 89' lang='lat' dir='ltr'>consuetudinem</span> <span class='ocrx_word' id='word_1_192' title='bbox 1136 3116 1240 3157; x_wconf 88' lang='lat' dir='ltr'>vene-</span> 
     </span>
     <span class='ocr_line' id='line_1_25' title="bbox 135 3199 1242 3285; baseline 0.001 -21"><span class='ocrx_word' id='word_1_193' title='bbox 135 3209 222 3283; x_wconf 82' lang='lat' dir='ltr'>runt,</span> <span class='ocrx_word' id='word_1_194' title='bbox 245 3209 279 3263; x_wconf 86' lang='lat' dir='ltr'>et</span> <span class='ocrx_word' id='word_1_195' title='bbox 306 3201 336 3262; x_wconf 91' lang='lat' dir='ltr'>in</span> <span class='ocrx_word' id='word_1_196' title='bbox 367 3209 506 3264; x_wconf 90' lang='lat' dir='ltr'>astutum</span> <span class='ocrx_word' id='word_1_197' title='bbox 535 3199 735 3265; x_wconf 87' lang='lat' dir='ltr'>adhibentur.</span> <span class='ocrx_word' id='word_1_198' title='bbox 778 3199 836 3263; x_wconf 84' lang='lat' dir='ltr'>Sic</span> <span class='ocrx_word' id='word_1_199' title='bbox 862 3201 1137 3264; x_wconf 90' lang='lat' dir='ltr'>Abu-Ahmruus</span> <span class='ocrx_word' id='word_1_200' title='bbox 1162 3224 1242 3285; x_wconf 85' lang='lat' dir='ltr'>pro-</span> 
     </span>
     <span class='ocr_line' id='line_1_26' title="bbox 50 3306 1241 3420; baseline 0.002 -49"><span class='ocrx_word' id='word_1_201' title='bbox 50 3311 54 3317; x_wconf 85' lang='lat'>&#39;</span> <span class='ocrx_word' id='word_1_202' title='bbox 135 3307 280 3371; x_wconf 89' lang='lat' dir='ltr'>verbium</span> <span class='ocrx_word' id='word_1_203' title='bbox 302 3307 485 3386; x_wconf 79' lang='lat' dir='ltr'>explicavit.</span> <span class='ocrx_word' id='word_1_204' title='bbox 527 3308 622 3368; x_wconf 91' lang='lat' dir='ltr'>Alius</span> <span class='ocrx_word' id='word_1_205' title='bbox 644 3306 770 3386; x_wconf 86' lang='lat' dir='ltr'>quidam</span> <span class='ocrx_word' id='word_1_206' title='bbox 791 3307 878 3420; x_wconf 58' lang='lat' dir='ltr'>olto</span> <span class='ocrx_word' id='word_1_207' title='bbox 901 3325 972 3369; x_wconf 89' lang='lat' dir='ltr'>oum</span> <span class='ocrx_word' id='word_1_208' title='bbox 1000 3310 1107 3371; x_wconf 88' lang='lat' dir='ltr'>vocali</span> <span class='ocrx_word' id='word_1_209' title='bbox 1136 3309 1241 3373; x_wconf 74' lang='lat' dir='ltr'>Fatha</span> 
     </span>
    </p>
   </div>
   <div class='ocr_carea' id='block_1_8' title="bbox 137 3431 1241 3544">
    <p class='ocr_par' dir='ltr' id='par_1_9' title="bbox 137 3431 1241 3544">
     <span class='ocr_line' id='line_1_27' title="bbox 137 3431 1241 3544; baseline 0 -48"><span class='ocrx_word' id='word_1_210' title='bbox 137 3432 369 3496; x_wconf 84' lang='lat' dir='ltr'>enunciandam</span> <span class='ocrx_word' id='word_1_211' title='bbox 392 3433 483 3516; x_wconf 82' lang='lat' dir='ltr'>legit,</span> <span class='ocrx_word' id='word_1_212' title='bbox 507 3431 638 3542; x_wconf 71' lang='lat' dir='ltr'>etdioit:</span> <span class='ocrx_word' id='word_1_213' title='bbox 657 3433 745 3544; x_wconf 49' lang='lat' dir='ltr'>&amp;lte</span> <span class='ocrx_word' id='word_1_214' title='bbox 772 3441 804 3493; x_wconf 91' lang='lat' dir='ltr'>et</span> <span class='ocrx_word' id='word_1_215' title='bbox 831 3435 919 3499; x_wconf 62' lang='lat' dir='ltr'>ltili:</span> <span class='ocrx_word' id='word_1_216' title='bbox 946 3431 1029 3498; x_wconf 87' lang='lat' dir='ltr'>idem</span> <span class='ocrx_word' id='word_1_217' title='bbox 1058 3432 1241 3515; x_wconf 85' lang='lat' dir='ltr'>significare</span> 
     </span>
    </p>
   </div>
   <div class='ocr_carea' id='block_1_9' title="bbox 135 3551 1242 3768">
    <p class='ocr_par' dir='ltr' id='par_1_10' title="bbox 135 3551 1242 3768">
     <span class='ocr_line' id='line_1_28' title="bbox 137 3551 1241 3642; baseline -0.004 -20"><span class='ocrx_word' id='word_1_218' title='bbox 137 3558 221 3642; x_wconf 86' lang='lat' dir='ltr'>quod</span> <span class='ocrx_word' id='word_1_219' title='bbox 256 3567 344 3624; x_wconf 60' lang='grc' dir='ltr'>ω</span> <span class='ocrx_word' id='word_1_220' title='bbox 364 3551 596 3641; x_wconf 69' lang='lat' dir='ltr'>„frustratiof‘</span> <span class='ocrx_word' id='word_1_221' title='bbox 635 3558 719 3618; x_wconf 80' lang='lat' dir='ltr'>&#39;l&#39;um</span> <span class='ocrx_word' id='word_1_222' title='bbox 740 3555 929 3619; x_wconf 87' lang='lat' dir='ltr'>vertendum</span> <span class='ocrx_word' id='word_1_223' title='bbox 951 3565 1002 3620; x_wconf 80' lang='lat' dir='ltr'>eat</span> <span class='ocrx_word' id='word_1_224' title='bbox 1022 3559 1241 3637; x_wconf 82' lang='lat' dir='ltr'>proverbium:</span> 
     </span>
     <span class='ocr_line' id='line_1_29' title="bbox 135 3657 1242 3768; baseline 0.001 -22"><span class='ocrx_word' id='word_1_225' title='bbox 135 3685 247 3768; x_wconf 87' lang='lat' dir='ltr'>„Puto</span> <span class='ocrx_word' id='word_1_226' title='bbox 269 3702 387 3766; x_wconf 89' lang='lat' dir='ltr'>aquarn</span> <span class='ocrx_word' id='word_1_227' title='bbox 408 3683 491 3745; x_wconf 84' lang='lat' dir='ltr'>hanc</span> <span class='ocrx_word' id='word_1_228' title='bbox 505 3691 649 3746; x_wconf 87' lang='lat' dir='ltr'>vestram</span> <span class='ocrx_word' id='word_1_229' title='bbox 664 3701 740 3744; x_wconf 87' lang='lat' dir='ltr'>esse</span> <span class='ocrx_word' id='word_1_230' title='bbox 751 3699 868 3764; x_wconf 82' lang='lat' dir='ltr'>aquam</span> <span class='ocrx_word' id='word_1_231' title='bbox 887 3683 1101 3747; x_wconf 83' lang='lat' dir='ltr'>frustrationis</span> <span class='ocrx_word' id='word_1_232' title='bbox 1115 3704 1175 3747; x_wconf 91' lang='lat' dir='ltr'>seu</span> <span class='ocrx_word' id='word_1_233' title='bbox 1190 3657 1242 3747; x_wconf 89' lang='lat' dir='ltr'>irr-</span> 
     </span>
    </p>
   </div>
   <div class='ocr_carea' id='block_1_10' title="bbox 137 4143 1242 4368">
    <p class='ocr_par' dir='ltr' id='par_1_11' title="bbox 137 4143 1242 4368">
     <span class='ocr_line' id='line_1_30' title="bbox 137 4143 1242 4247; baseline -0.001 -29"><span class='ocrx_word' id='word_1_234' title='bbox 137 4147 171 4218; x_wconf 82' lang='lat' dir='ltr'>t.</span> <span class='ocrx_word' id='word_1_235' title='bbox 223 4144 310 4216; x_wconf 90' lang='lat' dir='ltr'>Sitis</span> <span class='ocrx_word' id='word_1_236' title='bbox 332 4143 492 4218; x_wconf 90' lang='lat' dir='ltr'>multum</span> <span class='ocrx_word' id='word_1_237' title='bbox 504 4144 684 4247; x_wconf 80' lang='lat' dir='ltr'>adfligens</span> <span class='ocrx_word' id='word_1_238' title='bbox 711 4144 841 4220; x_wconf 88' lang='lat' dir='ltr'>melior</span> <span class='ocrx_word' id='word_1_239' title='bbox 867 4162 935 4234; x_wconf 85' lang='lat' dir='ltr'>est,</span> <span class='ocrx_word' id='word_1_240' title='bbox 956 4169 1070 4246; x_wconf 82' lang='lat' dir='ltr'>quam</span> <span class='ocrx_word' id='word_1_241' title='bbox 1096 4146 1242 4220; x_wconf 75' lang='lat' dir='ltr'>satiatio</span> 
     </span>
     <span class='ocr_line' id='line_1_31' title="bbox 221 4269 634 4368; baseline -0.002 -27"><span class='ocrx_word' id='word_1_242' title='bbox 221 4271 422 4368; x_wconf 77' lang='lat' dir='ltr'>ignominia</span> <span class='ocrx_word' id='word_1_243' title='bbox 449 4269 634 4346; x_wconf 83' lang='lat' dir='ltr'>adficiens.</span> 
     </span>
    </p>
   </div>
   <div class='ocr_carea' id='block_1_11' title="bbox 0 0 1487 4936">
    <p class='ocr_par' dir='ltr' id='par_1_12' title="bbox 0 0 1487 4936">
     <span class='ocr_line' id='line_1_32' title="bbox 0 0 1487 4936; baseline 0 0"><span class='ocrx_word' id='word_1_244' title='bbox 0 0 1487 4936; x_wconf 95' lang='lat' dir='ltr'> </span> 
     </span>
    </p>
   </div>
  </div>
 </body>
</html>
