2986 4914
679 349 723 368 n
762 318 827 382 m
867 351 910 364 ..⁸

195 489 200 504 ⁸
249 497 375 562 Ohbeid
394 498 612 563 nen-wahan
627 499 724 562 tilium
735 501 829 564 Zeitii
845 519 987 564 sororem
1001 502 1149 563 Aetsemi
1163 501 1356 565 Zshbehem

157 586 160 594 ,
248 606 438 689 appellatam
467 608 498 670 in
526 597 757 671 matiimonium
786 607 918 670 duxisse
958 618 991 670 et
1020 627 1062 672 ex
1097 629 1136 671 ee
1152 617 1235 670 'tres
1271 609 1357 672 tilios

246 713 382 776 Dsiburn
409 711 569 795 (lupum),
598 713 732 777 Ceibum
763 713 913 793 (cenem)
937 713 969 774 et
993 713 1159 778 Sebohum
1188 715 1354 794 (leonem)

247 821 413 902 genuisse.
455 820 603 904 Gothum,
628 823 681 900 qui
705 823 864 885 :oetier-m
891 841 910 882 e
938 830 1037 903 gente
1059 822 1264 885 Banu-Asad
1287 822 1356 902 (se.

247 949 267 990 e
286 928 404 991 familis
423 930 672 1000 Banu-Habito)
695 932 724 990 in
747 930 975 992 matrimonium
998 929 1157 1011 duxisset,
1178 933 1210 992 iu
1233 939 1353 1014 gentes

246 1025 327 1098 linis
351 1037 423 1117 (sm
446 1037 527 1098 Keis
554 1037 795 1118 oen-Naum,
825 1037 905 1098 Kais
933 1037 1185 1100 ben-Wehben
1214 1047 1247 1100 et
1273 1038 1355 1099 Kais

247 1143 457 1225 ben-Djubir)
488 1145 644 1207 hostiliter
672 1145 826 1226 irrupisse
855 1161 1026 1227 eorumqne
1062 1143 1353 1224 opcsdiripuisse.

248 1252 328 1313 'l'um
351 1259 480 1333 gentem
503 1252 708 1314 Banu-Assd
728 1253 760 1313 in
781 1260 911 1334 gentem
926 1251 1135 1334 Banu-Ceth,
1158 1253 1212 1334 qui
1233 1248 1353 1314 sororis

247 1357 301 1419 tilii
337 1337 466 1438 essent,
500 1359 651 1439 irrupisse
689 1377 811 1438 eosque
839 1378 895 1439 pro
925 1358 1075 1441 gentibus
1099 1358 1180 1420 Keis
1211 1359 1352 1438 cepisse.

247 1463 382 1526 Calbum
400 1471 506 1525 eutem
530 1465 625 1526 tilium
647 1465 769 1525 Ahmiri
789 1463 831 1526 ad
845 1465 1036 1527 avunculum
1052 1482 1144 1526 suum
1160 1466 1352 1526 Actsamum

244 1571 378 1632 venisse
406 1579 568 1652 rogatum,
593 1581 627 1633 ut
648 1572 709 1653 ipsi
732 1572 875 1633 Keisitus
898 1590 1072 1653 eorumque
1093 1589 1173 1652 opes
1197 1569 1349 1654 traderet,

245 1695 283 1740 se
305 1677 388 1739 enirn
421 1678 504 1739 filios
527 1698 607 1740 suos
630 1699 649 1740 a
676 1687 775 1760 gente
796 1677 999 1740 Banu-Asad
1027 1677 1243 1740 redemtorem
1265 1696 1351 1739 esse.

244 1785 448 1868 Actsamum5
480 1788 533 1866 qui
559 1807 625 1849 rem
647 1788 755 1849 secere
777 1788 889 1868 vellet,
912 1795 1034 1868 patrem
1056 1786 1197 1848 Zaifium
1219 1785 1350 1847 dissua-

245 1899 333 1954 sisse
364 1892 539 1956 dicentem:
568 1896 622 1958 Ne
643 1895 767 1977 iacias,
802 1893 922 1956 Catbus
944 1893 1025 1956 enim
1048 1901 1100 1955 est
1120 1895 1170 1955 vir
1192 1902 1351 1975 angustus

244 2000 359 2061 animo.
404 2000 500 2079 Quod
521 2002 550 2062 si
573 2001 602 2062 ei
624 2020 703 2082 opes
725 1999 913 2082 tradideris,
936 2017 994 2061 ees
1016 1999 1248 2082 retinebit‚·sin
1270 2019 1350 2062 vero

246 2107 391 2169 Keisites
413 2108 443 2169 ei
464 2105 600 2188 dederis,
624 2127 734 2170 eorum
756 2109 874 2189 iytrum
908 2108 1052 2194 accipiet.
1096 2105 1220 2168 Tredes
1244 2107 1351 2186 potius

244 2231 323 2294 opes
353 2215 446 2276 Dsibi
466 2215 626 2296 menibus,
649 2215 948 2295 praestantissimus
974 2215 1057 2276 enirn
1077 2223 1110 2276 et
1131 2215 1349 2296 generosissi-

213 2357 215 2364 ·
244 2340 316 2384 mus
348 2322 479 2383 fratrum
508 2330 568 2384 est.
598 2322 784 2384 'l'redidisse
805 2323 902 2406 igitur
923 2324 1111 2384 Actsemum
1134 2339 1219 2402 opes
1236 2321 1350 2403 Dsibo‚

243 2427 389 2488 Keisitcs
412 2427 525 2489 Csibo.
548 2428 682 2491 Cstbum
705 2437 824 2507 eutem,
840 2430 968 2492 fratrem
984 2445 1077 2488 suum
1095 2426 1230 2506 Dsibum
1252 2447 1351 2508 quum
1437 2468 1441 2476 -

243 2534 438 2618 decepisset,
457 2554 535 2615 opes
550 2536 709 2598 sumsisse
726 2544 757 2598 et
776 2535 911 2597 dixisse:
937 2536 974 2596 Si
983 2536 1090 2612 vultis,
1107 2534 1255 2618 capreriis
1268 2552 1350 2596 ves-

124 2709 126 2714 ,
242 2642 301 2703 tris
323 2645 496 2724 amputetis
517 2662 579 2706 vos
601 2644 698 2706 tibere
719 2642 897 2723 dimittam,
919 2640 991 2702 dum
1015 2659 1077 2724 ego
1108 2650 1254 2704 vestrum
1277 2642 1349 2722 opi-

240 2749 302 2810 bus
329 2752 444 2831 potior,
461 2769 527 2824 ‚vos
549 2760 657 2812 autem
686 2768 776 2811 meos
805 2748 887 2810 iiiios
916 2749 1014 2810 libere
1042 2747 1207 2809 dimittatis
1238 2768 1348 2811 eorum

241 2855 356 2936 opibus
377 2857 519 2916 retentis.
534 2855 653 2917 Cntbus
669 2856 743 2934 lytri
759 2853 917 2916 desiderio
934 2863 1048 2933 eaptus
1062 2855 1206 2918 Keisites
1228 2854 1347 2918 diutius

241 2957 326 3038 apud
355 2977 393 3020 se
422 2959 559 3020 retinuit.
586 2960 763 3020 Actssmus
786 2966 891 3020 autem
913 2976 1008 3039 quum
1032 2959 1071 3020 de
1092 2981 1127 3021 re
1149 2964 1265 3024 certior
1274 2963 1348 3024 ssc-

105 3095 115 3114 ·
238 3072 409 3153 tpsesset,
431 3063 525 3126 dixit:
548 3063 701 3148 „nn
734 3057 913 3151 „pt-M
948 3071 1174 3167 :firm
1198 3103 1242 3152 ο,
1264 3069 1347 3148 ”Qui

206 3181 213 3195 ‘
239 3186 349 3267 lupum
378 3195 540 3266 pastorem
568 3207 644 3250 esse
672 3187 752 3273 vuit,
775 3188 911 3252 iniustus
933 3199 1004 3250 estc
1027 3189 1122 3252 etad
1146 3211 1220 3253 eum
1248 3193 1344 3254 veni-

241 3312 319 3373 ens,
348 3290 448 3355 dixit:
485 3295 616 3393 Uiffljt
641 3297 669 3380 ὁ
694 3295 865 3382 ηιξ-υἱ,
892 3299 970 3365 Μ
996 3313 1059 3384 &xp
1083 3295 1172 3386 difflui
1198 3297 1262 3398 &td
1287 3299 1346 3368 ott

241 3415 312 3476 n'l'u
334 3415 481 3496 possides
494 3437 572 3498 opes
594 3420 703 3500 gentis
725 3417 939 3499 Banu-Asud,
956 3417 1030 3480 dum
1045 3437 1127 3502 gens
1145 3429 1201 3482 tua
1218 3422 1248 3481 in
1264 3441 1347 3484 con-

240 3531 340 3584 temtu
369 3533 453 3609 este,
476 3531 545 3586 tum
567 3513 662 3587 dixit:
684 3526 746 3592 stet
772 3528 898 3615 wit-⁴⁹
930 3527 1008 3596 »Μ
1033 3538 1132 3610 ,43³3
1166 3529 1347 3610 ”Voluptas

241 3645 334 3708 Calbi
348 3646 478 3726 (cunis)
497 3648 527 3709 in
542 3649 670 3709 miseria
690 3650 797 3730 gentis
819 3667 900 3712 suec
912 3659 995 3730 estu
1010 3670 1092 3734 quse
1105 3672 1230 3735 quoque
1245 3655 1348 3718 verbs

239 3752 272 3814 in
290 3753 453 3832 proverbii
469 3753 733 3830 consuetudinem
745 3762 912 3815 venerunt.
931 3755 1013 3816 cont.
1038 3755 1154 3838 Djouh.
1176 3776 1203 3820 s.
1225 3778 1295 3856 (ἕ)-
1314 3779 1349 3824 et

242 3874 331 3960 „lb
347 3854 414 3940 'nee
435 3898 496 3940 non
520 3877 601 3957 Cap.
623 3877 701 3958 vu,
727 3876 795 3948 126.

542 4080 641 4231 ᾦ
676 4077 884 4253 a&
957 4127 1049 4209 ini‘x
