2990 4916
548 305 799 372 ·-.ea-

138 475 238 588 &i
258 489 388 572 „Asino
410 489 456 552 Sa
469 484 625 578 'dixisti‘ss
646 505 742 568 quum
765 489 888 552 asinum
909 489 951 552 ad
972 497 1082 571 potum
1106 491 1241 552 vocasti.

142 613 351 677 Proverbium
374 612 547 696 signifieat,
566 612 670 674 virum
691 601 859 673 eaneetute
875 610 1072 674 debilitatum
1095 629 1183 692 esee,
1208 619 1242 692 qt

142 719 183 780 nil
206 727 292 802 agat.

406 863 979 1027 emi
1178 1025 1181 1032 ,

17 1131 21 1144 ‚
141 1091 228 1163 410.
277 1091 408 1189 Neque
433 1085 558 1186 Bejjue
584 1111 709 1186 neque
736 1082 866 1185 Hajjus
894 1100 1026 1159 contra
1053 1102 1089 1156 te
1112 1101 1175 1158 est.

181 1241 205 1300 1.
215 1259 242 1300 a.
253 1239 307 1300 Nil
329 1247 361 1300 te
384 1237 522 1318 impedit.
543 1236 677 1317 Hajjum
699 1255 795 1298 unum
819 1256 861 1298 ex
878 1237 1016 1320 posteris
1031 1235 1156 1315 Adami,
1180 1253 1240 1296 cu-

138 1345 188 1405 ius
209 1363 312 1426 genus
333 1344 472 1424 perierit,
494 1343 595 1404 fuisse
618 1343 737 1423 dieunt,
760 1350 795 1404 ut
816 1361 940 1405 omnam
956 1359 1126 1422 personam
1142 1343 1241 1424 igno-

137 1458 203 1510 tam
232 1449 400 1529 significet.
444 1449 502 1513 Sia
528 1466 655 1529 quoque
680 1466 795 1509 nomen
824 1447 936 1526 Bajjus
965 1445 1141 1510 adhibetur.
1184 1449 1242 1507 ln·
1287 1433 1295 1450 ’

2 1546 4 1610 ἒ
137 1554 260 1617 tendum
283 1553 345 1617 due
372 1555 499 1617 nomina
530 1555 765 1636 coniunguntur
786 1553 905 1634 Hajjus
936 1554 1020 1615 filius
1042 1543 1136 1634 Baiji.

272 1695 313 1725 0⁰⁰

9 1984 15 2022 ⁵
134 1997 221 2067 tn.
272 1992 328 2065 Ne
354 2008 390 2062 te
416 1988 591 2091 decipiat,
620 1991 726 2094 quod
765 1995 885 2066 crines
913 1991 1017 2068 albos
1051 1995 1240 2096 incapite

261 2115 397 2187 mixtos
414 2113 546 2191 habet!
577 2118 695 2218 Saepe
709 2141 822 2189 senex
848 2119 887 2188 in
913 2119 998 2216 igne
1018 2116 1154 2190 inferni
1173 2133 1238 2191 est,

133 2588 220 2661 4¹2.
268 2585 354 2660 Non
395 2587 554 2688 accipiet
593 2609 705 2660 omne
746 2584 914 2660 debitum
954 2585 1002 2658 ah
1040 2589 1237 2684 ignorante

268 2707 488 2808 intelligens,

128 2881 129 2886 η
214 2833 308 2912 Quod
327 2835 478 2918 ignorans
498 2833 570 2915 plus
594 2835 689 2918 capit,
713 2832 913 2913 quamvdedit
935 2842 968 2895 et
989 2835 1169 2918 intelligens
1191 2855 1242 2922 se¹

130 2959 193 3002 non
214 2941 366 3023 humiliat,
387 2949 422 3004 ut
442 2959 517 3004 eum
539 2959 578 3002 ee
601 2940 641 3002 de
669 2939 803 3002 stultitia
834 2949 944 3002 certet.
986 2941 1168 3005 Adhibetur
1189 2941 1230 3004 de

131 3045 393 3128 vietoria‚·quam
414 3047 568 3127 ignorans
590 3044 631 3107 de
653 3044 848 3125 intelligente
870 3053 1020 3125 reportat.

0 3459 1 3488 i
132 3411 218 3488 413.
268 3407 384 3482 Cuius
420 3424 571 3508 tempus
599 3410 717 3497 venit,
744 3411 964 3506 sanguinem
991 3438 1102 3484 suum
1143 3418 1229 3487 reti-
1351 3443 1357 3450 ·

260 3565 351 3613 nere
376 3563 455 3611 non
481 3553 617 3638 potest.

178 3652 348 3754 'Mortem
370 3687 516 3773 effugere
536 3707 599 3752 non
619 3695 728 3770 potest
748 3690 815 3771 vir,
849 3685 941 3752 cuins
965 3689 1119 3755 moriendi
1141 3699 1227 3753 tem-

132 3813 193 3877 pus
213 3797 316 3860 adeat.

288 3940 453 4145 Q
474 3936 559 4112 33³⁰
581 3921 635 4144 tit
662 3945 722 4088 tit
749 3933 929 4088 „fnit
1003 3979 1070 4066 na

129 4181 211 4252 414.
265 4181 311 4252 Ei
336 4207 412 4253 non
438 4179 562 4268 stabit,
588 4181 657 4252 nisi
683 4175 780 4254 filius
809 4184 917 4254 unius
945 4183 1033 4254 eius.
