2990 4916
593 307 822 370 „501-

234 490 521 554 Almotadhdhelus
544 489 634 572 dixit,
649 489 809 569 proverbii
830 488 938 572 huius,
957 477 1045 570 'quod
1066 488 1107 551 de
1130 508 1170 551 co
1192 489 1253 552 ad-

150 598 317 686 hibeatur,
348 599 442 659 ouius
472 613 525 656 res
553 594 774 657 detrimentum
804 595 909 675 capiat
935 602 968 657 et
995 596 1142 677 potentia·
1159 595 1268 662 dimi-

151 711 278 786 nuatur,
300 714 465 766 auctorem
480 699 748 778 Abu-Soljanum
780 700 953 764 bon-Harb
973 701 1087 784 fuisse,
1110 704 1162 781 qui
1184 719 1255 766 cum

149 809 210 872 iter
236 810 420 872 facientium
442 809 570 888 agmine
597 806 704 888 gentis
738 807 897 868 Koraisch
925 824 967 868 ex
996 808 1093 888 Syria
1120 806 1256 897 redierit„

149 914 395 977 Mohammedes
426 915 508 974 enim
535 912 657 974 reditus
680 921 805 991 tompus
827 922 1023 992 exspectans
1045 931 1122 974 suos
1144 921 1255 978 contra

150 1019 228 1082 illud
250 1039 366 1101 agmen
389 1017 560 1101 eduxerat,
583 1027 615 1080 et
637 1027 746 1082 contra
773 1017 1028 1098 Abu-Soljanus
1049 1019 1253 1084 Mohamrne·

151 1125 201 1187 dis
232 1143 398 1186 occursum
428 1126 543 1188 timens
576 1124 789 1187 Koraischitis
802 1169 813 1205 ‚
844 1136 878 1185 ut
898 1126 959 1204 ipsi
989 1126 1117 1196 obviem
1138 1128 1255 1192 auxilio

148 1233 304 1314 venirent,
328 1234 551 1313 imperaverat.
573 1230 827 1311 Abu-Soljanus
839 1250 934 1312 quum
945 1232 987 1304 ad
1006 1226 1168 1315 Medinam
1192 1233 1252 1296 ad-

145 1340 385 1420 propinquaret,
423 1340 519 1400 multo
564 1339 678 1398 timore
713 1337 861 1400 adlectus
895 1337 1135 1419 Almodjdijjum
1171 1340 1253 1400 bon-

96 1513 100 1522 ·
145 1445 269 1506 Ahmru
292 1446 521 1527 interrogavit,
544 1464 619 1505 num
649 1438 809 1505 sociorum
830 1445 1065 1507 Mohammedis
1092 1433 1250 1527 quendam

145 1553 447 1633 appropinquantem
482 1551 614 1614 videret.
665 1553 720 1613 ille
756 1553 938 1633 respondit,
967 1572 1005 1614 so
1033 1574 1095 1614 non
1128 1554 1252 1615 vidisse

144 1659 202 1720 nisi
224 1659 304 1721 duos
331 1661 421 1720 viros
448 1661 579 1722 camelis
607 1661 786 1743 vehentcS,
811 1661 862 1741 qui
882 1660 923 1722 ad
953 1659 1032 1721 duos
1053 1661 1172 1744 fonteS,
1196 1662 1250 1741 qui

143 1767 175 1827 in
189 1766 423 1828 Muhammedis
439 1767 556 1827 ditione
571 1777 691 1848 esseut,
705 1767 791 1827 Ahdi
805 1776 836 1827 ct
851 1769 976 1828 Basbas
992 1769 1168 1847 appellatos
1185 1788 1248 1828 ve·
1351 1785 1353 1788 ·

145 1872 278 1934 uisscnt.
294 1871 545 1951 Abu-Soijanns
554 1871 594 1931 ad
612 1873 681 1932 illos
694 1871 946 1942 fontesveniens
958 1893 976 1933 e
988 1875 1122 1938 contrito
1138 1893 1245 1936 oame-

144 1978 245 2038 lorum
264 1984 416 2054 stercore,
435 1977 521 2057 quod
537 1976 734 2056 dactylorum
751 1979 884 2039 nucleos
905 1981 1100 2061 contineret,
1123 1967 1249 2063 cogno-

144 2083 212 2162 vit,
244 2082 314 2143 illos
335 2082 423 2141 viros
449 2081 658 2142 Medincnses
680 2101 756 2142 esse
778 2092 810 2143 ct
834 2082 897 2144 ista
919 2103 954 2145 re
976 2086 1114 2146 monitus
1136 2105 1155 2146 a
1177 2087 1248 2149 loco

144 2187 229 2249 Bedr
257 2188 417 2269 appellato
446 2189 506 2248 iter
542 2186 584 2248 ad
615 2187 780 2247 dexterum
816 2188 901 2250 latus
930 2190 1061 2251 deflexit
1089 2199 1122 2253 et
1150 2193 1250 2272 litoris

144 2303 280 2357 tractum
307 2296 475 2375 ingressus
503 2302 563 2357 est
608 2294 709 2356 Simul
737 2294 951 2358 Koraisohitis
985 2298 1048 2360 iam
1079 2319 1098 2361 c
1129 2301 1249 2366 Mecca

144 2404 288 2483 egressis
310 2401 451 2462 nuntium
468 2401 562 2479 misit,
585 2409 619 2462 ut
640 2400 788 2462 redirent.
810 2402 853 2462 Hi
876 2413 983 2465 autem
999 2415 1136 2488 excepta
1151 2420 1251 2490 gente
1353 2404 1357 2410 ’

142 2506 400 2587 Banu-Sohrah,
428 2525 510 2587 quae
539 2525 558 2566 a
584 2507 655 2566 loco
678 2505 844 2586 'isanijjah
869 2509 1007 2592 Adjdjsa
1029 2512 1070 2574 ad
1091 2516 1165 2578 litus
1187 2516 1248 2579 de-

142 2613 277 2676 flectens
313 2631 384 2674 cum
421 2607 669 2693 Abu-Soijano
706 2617 933 2698 conveniebat,
962 2617 1064 2680 redire
1102 2624 1248 2686 nolentes

140 2719 225 2801 apud
252 2718 357 2780 locum
395 2718 480 2778 Bedr
518 2719 835 2784 aMohammodanis
855 2741 972 2804 magna
1009 2725 1102 2787 clade
1127 2728 1247 2791 adllicti

139 2834 222 2888 sunt.
265 2823 517 2904 Abu-Solianus
546 2835 675 2907 gentem
698 2827 818 2891 Soirah
848 2831 1008 2910 proverbii
1033 2835 1141 2895 verbis
1161 2837 1246 2900 allo-

139 2940 233 2993 cutus
257 2937 325 3011 est,
349 2948 431 3011 quae
463 2930 503 2991 de
524 2951 563 2994 eo
585 2933 754 3017 adhibent,
784 2936 925 3018 quirem
952 2956 1045 3001 suam
1068 2938 1175 3003 delicit
1210 2954 1242 3005 et

138 3035 325 3119 dignitatem
346 3053 438 3098 suam
461 3037 620 3099 deminuit.

805 3161 1012 3205 ,not-

240 3180 354 3315 loti
390 3141 453 3306 ,ii
481 3159 637 3338 eojjl
671 3180 708 3293 ti
744 3211 824 3300 la<
856 3209 948 3320 tel
985 3207 1026 3299 t·
1084 3229 1148 3308 ru

130 3411 223 3512 ‘3225
275 3421 359 3494 Non
392 3421 526 3494 luciam
563 3421 649 3514 hoc,
676 3421 864 3532 quamdiu
897 3443 1072 3523 argutum
1107 3458 1239 3506 sonum

275 3544 351 3618 edit
377 3563 495 3618 mater
520 3546 612 3648 pulli
640 3547 808 3622 camelini
841 3523 1154 3630 feminini'sexus.

219 3677 257 3741 Id
278 3685 343 3742 est:
385 3679 558 3762 Nunquam
582 3681 614 3744 id
643 3683 769 3744 faciam.
812 3686 897 3746 conf.
918 3686 1002 3748 Kam
1025 3706 1052 3750 s.
1073 3711 1105 3752 v.
1127 3725 1188 3792 ²⁰5)

131 3829 473 3994 ‚ob-{soff
507 3840 566 3989 t]
592 3830 738 3972 moll
770 3833 1025 4012 §egel-3·
1061 3847 1088 3963 l‘l
1161 3892 1234 3972 rtt

135 4080 219 4150 323.
271 4074 327 4147 Ne
352 4100 465 4176 super
499 4075 641 4148 camela
666 4077 807 4152 difficili
833 4098 870 4152 ct
896 4081 1078 4156 indomita
1103 4089 1235 4187 pigno·

268 4227 307 4271 re
334 4217 436 4274 certo
455 4217 491 4302 et
518 4227 565 4274 ne
590 4230 740 4278 carmen
767 4209 874 4277 metri
894 4205 1025 4312 Redjcs
1053 4214 1190 4317 recita}
