2986 4908
590 355 820 423 ..431-

151 555 211 610 est
253 545 372 626 Neque
410 552 517 606 eutem
541 533 702 604 'messitie
735 559 792 623 prr
825 557 902 604 esse
933 549 1042 622 potest
1070 558 1172 604 cornu
1203 544 1256 604 in·

149 651 252 716 terius
280 649 454 734 superiori,
484 651 528 712 ite
560 657 595 710 ut
623 650 826 730 proverbium
844 667 909 710 rom
925 656 1065 728 optatum
1083 646 1255 712 absurdam

150 778 226 824 osse
252 759 380 822 indicet.
422 756 712 822 smoehselurinr
742 755 840 836 dixit,
868 756 1070 836 proverbium
1099 755 1256 838 adhiberi,

148 867 271 950 siquis
292 874 391 948 optet,
413 872 448 928 ut
469 864 612 928 homiues
634 864 727 926 bonis
747 872 781 926 ct
804 865 1002 943 praestantia
1018 864 1100 924 inter
1127 881 1167 924 se
1192 865 1256 928 siut

153 974 317 1056 aequales.
340 967 433 1050 Quod
455 989 533 1032 vero
554 978 628 1052 post
649 969 724 1052 &gl
746 969 957 1032 aecusativus
980 969 1108 1051 legitur,
1132 967 1163 1032 id
1184 968 1256 1034 dio-

154 1101 239 1161 lecto
260 1097 368 1180 gentis
390 1095 515 1158 'l'umim
535 1093 694 1176 proprium
719 1102 779 1154 est.

344 1256 467 1436 nidi
490 1275 533 1498 ip
555 1285 681 1494 pii
712 1287 798 1431 ui?
831 1288 941 1454 ψ]
1007 1367 1056 1416 n

152 1573 209 1644 ts
261 1537 539 1666 Nonesi³120sr
566 1567 822 1666 captivitatem
849 1567 917 1637 nisi
945 1564 1088 1638 coedes.

169 1736 376 1799 Proverbium
389 1735 579 1797 'lemimitee
594 1734 718 1796 cuidam
733 1732 925 1796 adscribitur
942 1734 1059 1797 dicenti
1075 1737 1137 1799 iste
1150 1737 1252 1800 verbs

151 1842 202 1905 dic
229 1843 496 1907 Almoschulilrer.
540 1842 635 1905 Cont‘.
664 1841 704 1904 C.
733 1841 868 1918 xxlx,
907 1839 959 1904 60.
995 1842 1254 1904 Almosclrolrker

150 1952 234 2013 ercis
255 1968 372 2011 nomeu
393 1958 462 2011 eret
488 1950 519 2010 in
549 1949 678 2030 regione
703 1945 842 2008 Belrraiu
871 1945 962 2008 sitae.
991 1946 1136 2009 cosroes
1168 1949 1254 2010 ercis

150 2057 315 2138 praelecto
330 2056 555 2138 imperaverat,
579 2064 615 2117 ut
637 2054 836 2134 Temimitos,
859 2052 912 2132 qui
927 2061 1097 2132 peecatum
1119 2055 1255 2118 commi·
1385 2110 1393 2116 .

150 2171 268 2243 serent,
289 2164 321 2224 in
342 2181 450 2225 urcem
470 2163 613 2225 alliceret
634 2170 667 2222 et
681 2159 852 2224 occideret.
875 2158 1001 2240 Singuli
1022 2158 1173 2222 donorum
1194 2151 1254 2242 spe

150 2271 279 2334 o'ddrroti
299 2271 486 2350 introibant3
508 2269 567 2332 sed
589 2287 684 2351 quum
709 2285 803 2328 ncrno
824 2265 958 2346 rediret,
979 2285 1064 2329 unus
1085 2285 1256 2342 remouen-
1292 2279 1304 2290 “
1369 2303 1375 2312 -

149 2375 225 2444 tium
254 2378 317 2440 isto
344 2379 446 2441 verbe
480 2375 575 2458 dixit,
618 2374 731 2459 quibus
762 2373 920 2453 proverbii
952 2373 1023 2435 loco
1059 2374 1254 2462 significant,

148 2485 229 2564 viro,
252 2483 307 2566 qui
328 2484 414 2546 mels
433 2502 452 2545 a
474 2483 564 2545 socio
585 2481 791 2564 perpetietur,
814 2479 924 2561 peiore
945 2479 1085 2544 timendo
1105 2499 1191 2545 esso.

149 2950 207 3022 79.
260 2945 345 3020 Non
371 2963 425 3020 est
454 2963 536 3047 post
562 2945 820 3050 spoliationem
838 2973 1028 3021 armorum
1055 2949 1256 3050 nisicupti.

261 3089 368 3146 vites·
428 3122 433 3132 ·

230 3221 340 3295 Verbo
370 3223 453 3286 haec
483 3223 562 3288 dixit
588 3221 789 3306 Himjorijjus
810 3221 1066 3286 ben-Ahbedoh
1107 3223 1159 3287 die
1190 3223 1254 3288 Al-

147 3329 383 3412 mosohokker‚
408 3350 503 3415 quum
524 3339 653 3413 gentem
677 3349 769 3392 suern
799 3329 955 3410 depositis
976 3332 1073 3392 armis
1095 3333 1126 3393 in
1147 3349 1254 3395 oroonr

148 3435 283 3517 Hedjeri
312 3435 354 3498 od
376 3436 585 3502 Houdsohnm
607 3435 1099 3499 ben-AhlietAlmocohberum
1108 3438 1256 3500 Dhoblti-¹

147 3556 212 3610 tem
247 3543 459 3606 intromissam
495 3544 639 3626 videret,
676 3562 782 3608 nemo.
806 3551 912 3605 outcnr
950 3541 1076 3604 rediret.
1133 3543 1286 3608 Portae,

146 3651 215 3713 tuni
251 3649 429 3713 custodiam
459 3669 558 3733 eques
587 3659 754 3732 catenam,
801 3669 865 3733 qno
898 3660 990 3732 porto
1024 3647 1135 3712 oleoso
1171 3658 1252 3732 erat,

146 3764 376 3817 manutenens
397 3755 544 3818 habebut.
586 3759 659 3818 Hoc
683 3767 797 3819 cateno
819 3755 911 3819 simul
933 3775 1005 3819 oum
1021 3754 1137 3837 equitis
1158 3774 1253 3817 morin

142 3863 185 3953 sb
207 3861 272 3924 isto
293 3863 363 3924 viro
386 3871 551 3945 amputato
564 3871 597 3926 et
616 3873 708 3946 porta
727 3874 839 3945 operte
852 3863 951 3925 occisi
968 3859 1252 3943 conspiciebantur.

145 3970 220 4031 Hoc
265 3965 381 4032 vidcns
428 3989 511 4052 gens
560 3971 685 4033 'l'ernim
717 3971 867 4032 irruebat.
909 3968 1109 4033 llaudsehus
1145 3978 1250 4033 autern
1323 3971 1335 3986 “

145 4091 352 4156 cognoscens
379 4083 508 4159 gentem
539 4075 640 4158 ipsius
672 4075 861 4157 sanguinem
887 4077 1043 4155 vovisse,
1073 4076 1252 4140 Almocolr-

146 4182 260 4243 berum
287 4189 416 4244 centum
435 4182 535 4244 ¹viros
566 4201 609 4243 ox
643 4181 932 4262 proesteutissimis
956 4180 1114 4244 dimittere
1148 4184 1250 4246 iussit.

146 4289 224 4369 lpse
249 4295 359 4352 sutem
385 4305 459 4352 cunr
482 4288 642 4372 equitibus
667 4289 748 4372 lugo
770 4291 910 4353 sulutem
929 4290 1029 4372 petiit
1071 4289 1254 4373 llngiemu
