3024 4922
614 355 840 418 -819—

169 539 331 602 Ahmruus
352 499 489 614 admisit,
510 545 547 600 ut
547 586 567 638 )
568 544 646 626 ,ὃ
681 537 717 604 ,οἲ
739 535 885 601 fortunae
906 537 1067 602 secundae
1089 554 1270 621 cognomen
1391 617 1394 624 .

171 663 223 746 sit,
245 651 305 724 sod
325 662 377 723 aiii
401 660 621 724 infortunii
642 659 908 741 significationem
930 663 1005 724 vooi
1027 665 1175 730 tribuunt.
1194 667 1276 736 Vox,

82 817 87 830 .
162 777 282 858 μὰ
313 766 428 849 duplici
463 787 590 850 quoque
616 766 710 830 modo
745 775 802 830 aut
836 767 990 831 Cirannur
1019 779 1075 846 aut
1105 762 1272 837 (ieiunant

171 885 367 946 enunciatur.

174 1306 232 1373 57.
283 1301 332 1372 Et
358 1301 500 1374 camela
526 1303 604 1374 sius
628 1325 763 1402 aquam
790 1299 895 1374 bibit.

254 1458 419 1522 Proverbii
454 1463 606 1542 originem
628 1459 722 1523 talem
742 1460 844 1522 fuisse
869 1468 1008 1525 narrant.
1050 1461 1109 1522 Vir
1130 1480 1275 1544 uxorem„

172 1585 265 1648 quam
304 1566 374 1629 odio
406 1547 564 1649 habebat,
601 1567 733 1650 repudio
765 1566 951 1630 dimiserat..
981 1567 1100 1648 Aiiquo
1132 1577 1276 1649 tempore

171 1681 246 1755 post
273 1674 305 1735 iu
329 1675 461 1736 camelis
513 1675 670 1738 vehentes
703 1676 850 1736 mulieres
885 1683 1059 1757 rogarunt,
1082 1684 1117 1736 ut
1141 1678 1275 1738 camelis

107 1763 114 1779 ⁸
171 1781 338 1864 bibendum
368 1781 468 1845 daret.
497 1781 592 1860 Quod
621 1782 745 1845 iaciens
763 1771 773 1792 ”
782 1799 877 1863 quum
910 1784 992 1844 inter
1025 1787 1173 1845 caeteros
1195 1802 1277 1846 suae
1367 1799 1372 1809 “

173 1887 305 1966 repudio
327 1887 477 1950 dimissae
499 1890 606 1951 uxoris
640 1891 796 1951 carnelum
824 1890 1042 1971 conspiceret,
1073 1891 1137 1953 ista
1174 1892 1275 1954 verba

176 1992 272 2075 dixit,
311 1994 425 2075 quibus
457 1995 602 2061 irridendi
623 2013 725 2063 causa
747 1996 779 2058 iu
801 1995 946 2060 odiosum
968 2004 1104 2072 utuntur.

175 2439 251 2552 58.ι
284 2435 459 2508 Promisit
485 2439 516 2508 ei
545 2434 669 2530 modo,
695 2461 775 2540 quo
801 2433 970 2537 Plejades
989 2434 1100 2510 lunae
1127 2437 1279 2539 promit·

287 2575 431 2635 tuctur.

229 2685 318 2748 ‘Sic
347 2684 478 2762 dicitur,
500 2690 645 2769 qu'oniam
668 2687 821 2770 Plejados
851 2698 884 2752 ct
905 2691 998 2754 Luna
1028 2687 1145 2772 quovis
1167 2705 1278 2748 menso

173 2793 276 2855 some!
299 2803 480 2858 occurrunt.
659 2793 662 2800 ’

178 3217 236 3288 59.
284 3213 347 3288 Ab
373 3232 470 3315 aque
496 3213 684 3290 adduxisti
714 3213 764 3300 id,
799 3211 904 3310 quod
942 3211 990 3286 ud
1025 3240 1165 3314 aquarn
1200 3199 1277 3288 no'n
1354 3231 1356 3236 ’

285 3330 484 3405 adduxisti.

262 3491 298 3554 id
328 3501 396 3555 ostt
424 3489 536 3553 Verba
566 3489 693 3552 loeutus
723 3496 794 3570 est,
822 3503 907 3570 quae
928 3485 969 3547 ad
987 3494 1019 3548 tc
1040 3505 1196 3570 revocato
1217 3507 1279 3559 con

178 3610 272 3684 potes
291 3603 358 3664 vel
380 3610 472 3681 turpc
492 3601 612 3662 sectum
640 3595 815 3679 perfecisti.

179 4037 239 4110 60.
292 4032 416 4111 Eheu!
442 4031 641 4105 Bothaine!
666 4029 713 4102 ab
737 4029 911 4104 interiore
939 4041 1043 4129 parte
1069 4031 1172 4099 seca!

223 4186 378 4263 Narrant,
391 4183 497 4263 plures
505 4143 642 4264 pueliam
654 4181 713 4244 sibi
724 4181 756 4244 in
766 4179 1000 4271 matrirnorrium
1009 4179 1283 4262 petiissePatrom

181 4302 289 4358 autom
310 4291 348 4354 iis
369 4289 542 4354 secandam
565 4290 772 4372 proposuisse
792 4288 884 4372 podis
906 4289 1072 4353 anterioris
1096 4287 1286 4351 anteriorem
