3006 4908
932 288 942 308 θ

659 303 889 368 ..Μ-

217 495 321 560 iussit
363 494 448 557 'lum
469 507 581 554 omnes
609 485 739 572 sagittis
759 482 874 565 petivit
893 489 927 544 et
949 479 1074 544 occidit.
1119 479 1242 544 Contra
1264 497 1328 542 eos

217 611 339 679 antem,
368 600 420 683 qui
449 596 562 661 eodem
589 594 640 657 die
667 593 857 676 sagittarum
885 589 973 651 iectu
1007 605 1069 648 non
1099 586 1200 648 occisi
1221 593 1327 668 eraut,

217 708 349 783 postero
369 717 462 761 manc
498 693 626 758 crudele
646 695 769 756 iactum
797 687 941 771 iteravit,
973 686 1077 750 donec
1091 704 1204 749 omnes
1225 686 1329 748 deleti

218 815 339 872 essent.
380 807 503 868 Harum
533 822 638 867 rerum
676 800 723 864 iri
753 798 888 888 soccusi
911 797 1069 859 Alrbsitee
1104 812 1163 858 cos
1198 794 1231 856 in
1260 794 1329 856 isto

171 913 177 922 '
218 917 291 980 loco
312 925 482 979 versantes
512 919 749 995 oppresserunt.
792 905 970 970 Duodecim
1000 905 1061 965 viri
1082 901 1327 983 occidebantur,

218 1023 301 1088 iuter
329 1039 412 1103 qnos
440 1019 579 1081 Melicos
610 1026 643 1079 et
671 1014 796 1078 lusidus
824 1010 957 1076 Sebuihi
992 1009 1046 1073 lilii
1076 1017 1109 1071 et
1136 1005 1330 1088 Ahracijjns

218 1125 457 1191 beu-Ahmiralr
485 1133 584 1188 eruut
628 1123 711 1185 'l'um
734 1118 942 1202 congregatis
963 1117 1066 1198 copiis
1091 1114 1132 1178 sd
1154 1113 1240 1176 lutus
1263 1113 1332 1177 loci

218 1233 367 1298 Alhubah
400 1231 523 1322 (eupli)
553 1229 712 1312 appellati,
747 1228 801 1309 qni
831 1226 861 1287 in
897 1225 1063 1304 superiore
1104 1230 1196 1301 parte
1229 1223 1330 1284 vellis

218 1350 427 1412 Usu-Rosam
449 1355 533 1429 erut,
556 1347 607 1408 die
628 1343 753 1407 fervido
774 1339 937 1422 usquead
959 1338 1121 1401 meridiem
1149 1346 1330 1420 pugnatum

220 1465 280 1520 est.
304 1455 391 1520 Solis
420 1465 532 1518 aestus
553 1459 735 1536 pugnantes
749 1449 924 1531 separavit.
972 1444 1208 1527 Hodsaifehus,
1231 1445 1332 1507 cuius

208 1561 369 1632 ,interiora
402 1562 524 1624 femora
551 1560 582 1622 iu
610 1559 781 1640 equitando
810 1575 934 1631 summo
968 1557 1076 1618 colore
1103 1555 1193 1616 leess
1221 1561 1330 1636 crant,

221 1675 258 1731 ut
286 1668 400 1730 balneo
422 1668 565 1729 membra
591 1667 872 1748 refrigerarentur,
906 1679 979 1725 cum
1002 1661 1101 1724 sociis
1129 1662 1161 1722 in
1183 1669 1329 1745 puteum,

221 1775 275 1858 qui
295 1773 380 1856 apud
402 1773 507 1836 locum
531 1772 679 1836 Alhabah
695 1780 775 1853 erut,
806 1769 1027 1834 descenderat.
1074 1768 1193 1830 Keisus
1214 1785 1331 1830 eorum

221 1890 339 1946 statum
363 1881 511 1943 divinans
533 1899 604 1943 cum
627 1881 725 1942 euciis
747 1878 888 1941 advenit.
923 1880 992 1940 Isto
1018 1877 1070 1939 die
1091 1876 1328 1960 Hodssilahus,

215 1990 360 2054 Melicos
379 1988 564 2072 beu-Badr,
578 1987 763 2052 Alhuritsus
779 1985 1022 2049 ben-Auhiben
1033 1982 1141 2070 -llndr,
1172 1994 1205 2048 et
1219 1985 1330 2047 Hum-

223 2097 274 2160 lns
293 2098 356 2159 ben
377 2095 464 2159 Bndr
485 2095 585 2158 occisi
606 2101 689 2157 sunt.
711 2095 747 2156 lu
763 2092 962 2155 Hodsuiiaho
979 2099 1134 2153 autemut
1147 2091 1329 2171 exemplum

223 2212 419 2284 statuerent,
444 2203 514 2264 eins
536 2200 704 2266 testiculos
728 2208 914 2280 amputatos
936 2199 964 2260 ei
986 2200 1017 2260 in
1039 2217 1077 2260 os
1105 2198 1329 2282 ingesserunt,

222 2311 293 2372 eius
327 2317 433 2372 sutem
464 2308 605 2391 linguam
631 2309 661 2368 in
690 2307 837 2388 podicem
867 2305 1054 2369 indiderunt.
1098 2303 1190 2369 Gens
1218 2313 1331 2366 autem

223 2413 389 2478 Ghsthl'uu
419 2411 552 2475 caedem
580 2411 772 2475 Hodsuifuhi
800 2431 899 2496 uegre
931 2407 1038 2475 ferens
1061 2412 1204 2475 omuibus
1226 2413 1331 2493 copiis

223 2522 368 2586 collectis
396 2521 552 2583 Ahbsitus
580 2519 733 2581 invadere
768 2522 889 2581 statuit.
926 2517 1019 2584 Gens
1035 2520 1128 2584 Ahbs
1154 2519 1331 2601 videns,se

222 2631 320 2692 tantis
337 2628 438 2712 copiis
458 2628 613 2689 resistere
636 2646 698 2688 non
716 2645 826 2711 posse,
855 2627 883 2688 in
900 2629 1065 2710 regionem
1081 2629 1244 2690 lemumah
1265 2625 1330 2690 mi-

221 2735 335 2818 grandi
354 2735 518 2798 consilinm
534 2735 632 2816 cepit,
655 2735 696 2795 ibi
725 2733 807 2796 enim
823 2734 974 2816 ‚hahebat
997 2735 1177 2798 avunculos
1197 2743 1329 2816 gentem

221 2843 450 2923 Ahbluh,quue
459 2843 524 2904 lilia
533 2839 640 2932 Aldili
651 2841 704 2902 lilii
712 2841 927 2924 Honeifehue,
940 2843 1052 2905 matris
1063 2842 1241 2906 Retvalmhi
1249 2851 1331 2904 eret.

121 3033 125 3038 .
221 2949 391 3011 Venerunt
404 2950 499 3032 igitur
516 2949 557 3012 ud
572 2929 772 3013 Ketuduhum
788 2951 1063 3014 ben-Muslamah.
1077 2952 1124 3013 lli
1139 2969 1236 3034 quum
1250 2971 1331 3032 per·
1349 2933 1357 2942 ⁸

222 3076 298 3120 vum
328 3057 481 3138 temporis
509 3059 645 3139 spatium
677 3041 873 3122 commoratu
887 3068 986 3122 'esset
1007 3077 1109 3142 gens,
1146 3060 1185 3121 ob
1216 3060 1330 3145 verba,

223 3161 307 3246 qliae
342 3164 464 3226 Kaisus
492 3174 663 3246 praesente
696 3165 867 3228 Ketudaho
908 3165 949 3228 do
987 3168 1094 3229 uranio
1131 3167 1331 3249 protulisset,

222 3270 414 3334 Ketedalrus
442 3274 585 3335 timorem
614 3273 818 3356 concipiens,
845 3294 916 3337 eum
947 3274 1034 3336 ubire
1064 3275 1168 3336 iussit.
1213 3275 1332 3338 Castra

220 3377 321 3460 igitur
350 3371 520 3442 moventes
540 3380 571 3442 in
593 3383 757 3463 regionem
779 3361 883 3463 Hodjr
910 3380 952 3444 ud
972 3391 1103 3464 gentem
1125 3382 1331 3447 Banu-Sulrd

221 3483 383 3547 ben-Suid
405 3489 518 3551 Mermt
538 3489 748 3552 ben-'iamim
770 3491 904 3569 proiecti
925 3497 1008 3550 suut.
1031 3489 1097 3550 Sed
1119 3508 1202 3572 gens
1218 3491 1331 3550 Burru-

222 3589 313 3654 Sabd
345 3593 539 3676 Aldjuuuum
568 3613 678 3677 regem
708 3594 822 3675 Hodjri
854 3613 913 3676 spe
941 3595 1101 3678 praedae,
1124 3605 1158 3658 ut
1196 3606 1329 3680 gentem

220 3701 314 3764 Ahbs
334 3701 496 3784 inopinato
517 3704 637 3783 impetu
658 3722 731 3765 cum
746 3703 847 3782 copiis
861 3705 932 3765 suis
946 3705 1149 3786 opprimeret,
1163 3706 1332 3775 excitavit.

221 3805 327 3886 Quam
353 3830 420 3874 rem
456 3827 553 3890 quum
582 3829 641 3871 rex
676 3827 714 3871 se
749 3817 951 3890 peracturum
985 3829 1063 3874 esso
1106 3813 1327 3894 promisisset,

221 3915 349 3996 quidum
370 3937 413 3978 ex
434 3914 581 3981 Suhditis
599 3925 883 3998 cognatam,quae
903 3916 975 3978 viro
997 3937 1039 3979 ex
1060 3917 1208 3979 Ahbsitis
1230 3927 1333 3999 nupta
1395 3919 1399 3929 ’

221 4032 302 4104 erut,
323 4023 366 4087 de
390 4044 427 4086 re
447 4024 617 4088 certiorem
639 4025 727 4109 fecit,
749 4031 783 4087 et
803 4024 885 4088 haec
898 4024 1034 4086 Kaisuru
1055 4026 1184 4086 monuit.
1204 4024 1331 4088 Kaisus

219 4127 445 4228 initiovuoctis,
467 4138 502 4193 ut
522 4130 661 4195 feminac
684 4131 792 4216 gentis
813 4142 846 4194 et
866 4131 1185 4217 robustiorupecoru,
1208 4131 1330 4196 relictis

219 4235 348 4320 ignibus
369 4237 451 4299 inter
471 4237 583 4301 viliora
604 4237 841 4321 impedimenta,
864 4219 1160 4322 proficiscerentur,
1183 4238 1330 4320 impera-

218 4345 277 4409 vit.
327 4339 484 4426 Equites]
498 4353 607 4410 autem
635 4343 686 4427 {ad
721 4349 827 4410 locum
856 4347 995 4412 Aliumk
1021 4348 1236 4429 appellatum,
1275 4343 1331 4428 qui
