2986 4914
573 319 798 382 ..593-

127 504 279 566 mensura
296 507 425 567 similes.
440 505 530 565 Deus
544 511 651 564 autom
667 499 853 561 benedictus
867 495 926 561 sit!
942 498 1120 579 Quomodo,
1137 517 1232 578 quum

127 618 193 674 tam
211 630 329 691 parvae
351 613 426 693 sint,
449 608 536 689 illud,
560 627 623 689 quo
647 608 751 668 onusti
762 613 845 687 sunt,
862 615 988 684 portare
1003 602 1137 667 valent?
1158 604 1233 665 Rex

128 717 225 796 igitur
247 717 288 776 ad
310 717 378 776 eius
399 723 521 795 patrem
544 715 629 774 misit
650 713 786 792 puellam
802 713 833 772 in
845 712 1074 772 matrimonium
1090 711 1152 772 'sibi
1171 725 1233 789 pe-

129 829 210 902 tens.
231 821 329 880 Pater
351 828 456 882 autem
480 819 555 880 doto
576 821 677 880 missa
707 836 778 878 eam
807 817 838 877 in
872 818 1102 878 matrimonium
1134 815 1232 892 dedit,
1292 881 1294 888 ¹

129 934 167 984 ut
180 925 221 985 ad
243 943 359 986 norum
382 926 525 985 maritum
548 922 722 984 duceretur.
746 923 905 1000 'l'empore
927 929 1043 1001 antem,
1068 923 1131 1000 quo'
1150 921 1180 982 in
1193 940 1232 980 eo

133 1038 234 1112 eraut,
257 1037 293 1090 ut
313 1031 413 1109 ipsam
435 1029 474 1090 ad
500 1047 618 1089 novum
641 1029 789 1090 maritum
811 1025 981 1107 ducerent,
1013 1034 1116 1087 mater
1139 1025 1232 1086 filiam

134 1137 183 1196 sio
204 1137 343 1197 allocuta
364 1142 431 1196 est:
455 1133 482 1198 0
505 1125 617 1195 liliola!
643 1133 738 1210 Quod
762 1133 790 1192 sl
813 1133 980 1192 eonsilium
1003 1131 1042 1192 ob
1064 1140 1236 1222 praestan*
1305 1195 1307 1204 ,

135 1242 211 1301 tiam
233 1241 429 1302 educationis
451 1240 729 1318 intermitteretur,
773 1236 803 1298 id
832 1237 887 1297 tibi
908 1256 971 1297 uon
1005 1236 1135 1316 darem3
1177 1236 1236 1296 sod

134 1348 306 1408 admonitio
337 1347 482 1408 socordis
509 1355 544 1408 et
564 1345 727 1427 prudentis
749 1343 963 1406 adiumentum
985 1351 1037 1404 est
1059 1351 1091 1403 et
1113 1343 1141 1403 si
1163 1362 1236 1403 mu-

133 1456 190 1515 lier
211 1455 323 1515 marito
344 1471 454 1514 carere
476 1462 588 1534 posset
610 1453 648 1513 ob
671 1451 798 1512 divitias
827 1458 991 1529 parentum
1022 1457 1055 1509 et
1090 1451 1129 1510 ob
1162 1445 1265 1508 ma-'

131 1578 228 1642 gnum
252 1557 453 1636 desiderium,
481 1575 544 1638 quo
572 1536 720 1638 parentes
747 1573 826 1637 erga
855 1557 957 1636 ipsam
991 1555 1109 1634 impleti
1147 1565 1234 1636 sunt,

134 1674 166 1726 tu
190 1685 228 1725 eo
250 1665 389 1726 maximo
411 1682 522 1724 carere
545 1681 679 1743 posses3
701 1661 761 1722 sed
783 1671 817 1723 ut
835 1663 982 1722 mulieres
1002 1663 1041 1722 ob
1056 1649 1147 1722 viros
1161 1679 1236 1722 cre-

134 1778 207 1830 atae
230 1779 303 1830 suut
324 1770 373 1829 sic
401 1769 462 1830 viri
492 1769 532 1830 ob
563 1769 713 1828 mulieres
749 1769 901 1828 existunt.
930 1766 957 1827 0
980 1757 1095 1828 filiola!
1119 1768 1168 1827 'l'u
1197 1767 1237 1828 ab

135 1880 221 1954 aere,
244 1894 286 1934 ex
308 1881 426 1953 quotu
449 1872 610 1952 prodiisti,
644 1881 675 1932 te
698 1873 858 1952 separasti
881 1881 913 1933 ot
935 1871 1041 1934 nidum
1066 1881 1163 1952 tuum,
1195 1871 1237 1932 ad
1272 1886 1275 1890 ·

136 1999 231 2058 quem
265 1975 499 2058 arlsoonderas,
542 1978 722 2057 relinquens
742 1977 785 2038 ad
810 1978 922 2061 alium,
962 1995 1057 2063 quem
1085 1997 1147 2038 uon
1176 1995 1239 2036 no-

141 2085 219 2165 scis,
244 2084 331 2143 ivisti
353 2091 386 2142 et
408 2083 448 2144 ad
469 2083 607 2157 socium,
631 2101 766 2162 quocum
787 2103 850 2144 non
873 2084 1080 2145 consuevisti.
1122 2085 1156 2144 Is
1176 2101 1239 2142 an-

90 2225 93 2230 ·
137 2202 201 2252 tem
240 2195 400 2268 potestate
435 2206 496 2248 sna
525 2196 599 2248 tuus
628 2189 734 2249 sactus
764 2198 815 2249 est
850 2199 962 2250 custos
991 2196 1023 2248 et
1055 2205 1240 2267 possessor.

138 2291 194 2356 Sis
221 2295 319 2376 igitur
339 2283 446 2354 ΕΜ
475 2295 522 2374 ei,
553 2302 587 2354 ut
615 2299 691 2355 tuus
719 2294 761 2354 sit
801 2313 917 2355 servus
952 2295 1045 2355 celer.
1090 2294 1117 2357 0
1151 2294 1236 2354 lilio-

138 2394 186 2460 la!
216 2400 336 2460 'focum
364 2417 455 2459 sume
483 2418 503 2460 a
534 2419 584 2460 ma
613 2399 725 2461 decem
753 2402 986 2480 proprietates,
1031 2409 1066 2462 ut
1093 2400 1149 2460 tibi
1175 2401 1240 2461 sint

137 2513 287 2583 tanquam
326 2503 494 2569 thesaurus
548 2511 580 2563 et
617 2503 805 2565 recordatio.
859 2505 1010 2566 Societas
1048 2522 1120 2565 cum
1160 2521 1241 2563 con-

137 2617 226 2670 tento
248 2607 362 2689 animo,
385 2615 418 2667 et
440 2591 635 2668 consortium
658 2627 730 2668 cum
754 2607 932 2670 obedientia
954 2619 986 2668 et
1013 2625 1088 2669 cura
1110 2607 1240 2669 assidua

137 2715 212 2796 loci,
235 2732 329 2794 quem
351 2712 439 2773 videt
462 2720 494 2772 et
518 2713 597 2773 ratio
626 2711 761 2792 diligens
794 2714 878 2794 loci,
909 2693 1001 2793 uuam
1032 2714 1159 2794 olfacit,
1201 2735 1242 2774 uo

136 2819 218 2880 oculi
240 2819 361 2878 elusio
383 2810 449 2877 rem
473 2825 614 2896 turpem,
645 2835 741 2898 quam
771 2821 918 2900 peragis,
948 2819 1106 2898 incidant,
1133 2837 1238 2900 noque

137 2928 179 2988 tui
209 2943 344 3002 pravum
366 2923 498 2984 odorem
518 2925 681 3004 percipiat.
705 2924 881 3005 Collyrium
898 2934 1006 2988 aulem
1023 2935 1075 2988 ost
1089 2928 1241 3006 pulcher-

138 3032 246 3092 rimum
258 3027 498 3108 pulchritudiuis
515 3028 700 3104 (inventae)
716 3038 748 3090 et
757 3048 840 3109 aqua
849 3031 1001 3108 optimum
1014 3031 1240 3115 odoramenti)

139 3132 321 3196 desiderati.
363 3134 445 3193 'l'um
471 3151 546 3194 cura
569 3141 727 3214 temporo,
749 3153 810 3213 quo
834 3135 938 3195 cibum
966 3139 1064 3198 sumit
1090 3145 1123 3198 ct
1153 3137 1242 3215 quies

141 3247 296 3318 tempore,
320 3254 381 3314 quo
404 3235 526 3319 dormit,
548 3257 621 3300 nam
643 3239 738 3300 famis
768 3239 862 3301 ardor
889 3251 1027 3321 occupat
1054 3250 1087 3304 ot
1114 3251 1240 3322 pertur-

140 3344 227 3406 batio
249 3343 352 3402 somni
374 3341 478 3402 odium
491 3352 609 3404 movet.
631 3347 713 3404 'l'um
735 3344 882 3406 custodia
903 3345 1017 3410 domus
1036 3365 1194 3426 opumque
1209 3355 1242 3406 et

143 3449 223 3509 ratio
252 3447 360 3508 habita
390 3454 424 3506 ut
450 3465 608 3526 personae
642 3448 743 3528 ipsius
772 3450 821 3510 sio
839 3450 1052 3514 ministrorum
1088 3451 1243 3512 domesti-

142 3570 325 3633 carumque.
347 3551 503 3613 Custodia
525 3571 620 3633 opum
643 3561 750 3620 aulem
764 3557 912 3618 consistit
922 3557 955 3628 io
968 3577 1021 3638 eo,
1044 3565 1240 3634 utquaotum

143 3657 250 3738 detur,
273 3655 354 3716 bene
376 3654 543 3716 deliniatur
565 3663 598 3716 et
619 3657 698 3718 ratio
720 3637 827 3719 habita
848 3659 1093 3722 domesticorum
1124 3667 1157 3720 at
1177 3661 1241 3722 mi·

142 3761 313 3822 sistrorum
334 3761 365 3820 io
387 3777 437 3840 eo,
459 3767 494 3821 ut
514 3779 567 3821 res
587 3761 669 3822 bene
696 3763 910 3828 instituantur.
952 3765 1006 3826 Ne
1035 3771 1143 3824 autem
1173 3763 1242 3824 eius

143 3872 303 3926 secretum
326 3862 478 3946 divulges
498 3873 552 3926 aut
574 3866 643 3926 eius
664 3864 814 3928 mandato
834 3866 1018 3930 inobediens
1038 3867 1096 3950 sis,
1119 3885 1191 3929 nam
1214 3867 1241 3928 si
1330 3855 1332 3858 ⁵

163 4104 193 4160 1)
212 4105 268 4154 sod
292 4105 318 4154 lu
348 4107 441 4156 codice
465 4110 553 4172 bugd.
576 4110 681 4171 signum
706 4109 848 4160 Tachoroi*
867 4121 965 4162 nomen
989 4109 1083 4172 labet,
1118 4113 1147 4158 ut
1169 4105 1244 4158 boul

214 4193 282 4242 verti
301 4194 392 4255 possit.

989 4345 1035 4414 38
