3006 4908
586 355 813 423 ..ιαμ

147 563 224 627 pax,
247 546 298 606 oui
320 541 559 626 componendae
572 543 746 624 praepositi
767 553 857 604 eraut
872 544 1000 607 Arrhlus
1022 553 1056 606 ot
1076 545 1251 608 ltlalrkalus

147 652 203 716 filii
223 653 357 718 Sobaibi
378 653 583 717 ben-Alrmru
604 669 624 713 e
645 660 744 733 gente
764 638 969 734 rtiohtebau,
992 655 1171 735 composita
1191 663 1251 716 est.

151 1089 214 1163 97,
267 1083 343 1154 lam
371 1079 508 1155 debiles
534 1095 623 1155 sunt
651 1082 732 1154 eius
757 1078 855 1154 duae
881 1083 1143 1156 extremitates.
1218 1129 1221 1157 ;

235 1245 401 1309 Vocabulo
431 1241 547 1345 otpolt
595 1243 702 1308 duae
739 1245 1033 1338 extremitates
1071 1266 1185 1329 ponem
1219 1257 1252 1310 et

148 1370 288 1454 linguam
310 1378 365 1433 aut
386 1387 424 1432 os
446 1378 479 1432 et
506 1388 602 1458 anum
624 1368 804 1452 designant.
850 1368 970 1431 Verbis
991 1368 1083 1430 hisce
1104 1369 1251 1452 debilem,

148 1479 196 1540 rai
223 1475 437 1558 perfioiendaa
466 1475 619 1556 imparem
649 1473 828 1558 designaut.
872 1473 999 1538 Ceoioit
1026 1483 1122 1558 poeta
1147 1476 1252 1539 Aloe-

153 1583 283 1665 djasobi
303 1585 501 1666 appellatus:

199 1754 310 1875 mu
335 1776 403 1890 pu
430 1778 456 1857 t
479 1768 546 1875 at,
566 1763 650 1887 'sp
674 1775 740 1892 ὡς
766 1763 888 1900 „ab
916 1766 1022 1919 esst
1044 1759 1113 1857 ts
1138 1758 1195 1920 gp·

149 1999 314 2086 „Quidam
333 1979 371 2060 'et
391 1996 586 2076 principatus
608 1998 636 2057 ei
658 1997 780 2058 similes
806 2004 899 2078 sunt,
922 1997 1014 2066 ouius
1035 1996 1119 2060 duae
1141 2007 1252 2060 extro-

190 2107 320 2178 mitates
340 2102 462 2166 debiles
483 2110 576 2182 suot,
598 2112 769 2185 postquam
790 2105 953 2166 mutilatae
974 2101 1091 2166 eraut“

234 2210 376 2272 Mettum
396 2227 514 2272 vorsus
531 2208 657 2272 'l'bawil
678 2217 740 2272 est.
764 2227 792 2271 o.
814 2209 835 2270 Ι.
857 2230 897 2272 m.
918 2229 950 2291 p.
977 2211 1047 2274 162.
1114 2261 1115 2266 1
1211 2257 1214 2266 ,

149 2703 209 2774 98.
262 2697 414 2769 Resecto
444 2714 532 2770 sunt
558 2701 637 2771 eius
664 2695 745 2770 lora
772 2723 819 2768 ex
845 2699 952 2771 corio
979 2713 1058 2771 tuo.

231 2863 323 2925 Dixit
341 2863 657 2946 Abu-l'llaitsamus‚
678 2865 757 2946 lora,
779 2880 861 2945 quae
882 2882 925 2924 ex
946 2864 1042 2926 ooriis
1057 2862 1180 2927 duobus
1196 2865 1252 2929 re'·

149 2979 243 3034 serto
271 2980 367 3053 sunt,
395 2972 476 3032 inter
506 2989 544 3034 se
570 2971 741 3052 differunt,
779 2989 822 3031 ex
851 2987 915 3031 uuo
936 2971 1024 3034 sorio
1046 2979 1175 3034 resecta
1202 2971 1253 3033 ‹li-

150 3095 249 3141 varsa
271 3095 347 3140 asso
368 3093 431 3140 noo
440 3085 585 3158 possunt.
606 3076 698 3138 Dixit
716 3083 830 3156 poeta:

149 3472 218 3555 „lot
238 3478 368 3534 resecta
398 3478 473 3532 suut
494 3487 537 3530 ax
564 3467 652 3530 oorio
675 3484 784 3529 eorum
806 3485 880 3530 moa
901 3463 1004 3530 lora“.

233 3577 479 3641 llemistiohium
508 3575 600 3638 matri
627 3573 736 3639 Waflr
770 3584 831 3638 est.
863 3588 898 3654 pi
920 3573 994 3637 aot.
1043 3574 1253 3642 Proverbium
1382 3553 1384 3558 ⁵
1440 3616 1443 3625 ,

150 3683 191 3745 de
212 3684 337 3748 duabus
358 3683 456 3748 robus
477 3681 661 3768 aequalibus
683 3681 859 3744 adhibetur.

152 4175 214 4247 9⁹.
266 4165 470 4245 Confessus
497 4181 552 4239 est
578 4182 716 4240 tacens.
726 4223 739 4264 Ι.

234 4296 287 4357 De
309 4313 350 4356 oo
372 4291 507 4372 dieitur,
531 4291 584 4373 qui
605 4290 820 4373 iuterrogatus
842 4300 938 4369 taoot,
960 4292 988 4356 is
1006 4263 1093 4356 ¹enirn
1114 4289 1251 4356 taoeudo
