3012 4908
599 331 826 398 ..827-

196 539 677 674 Quoto
727 554 1208 680 nomem

203 764 683 902 sumamus-325
729 767 1206 909 emmeno,

160 935 337 1067 „Refertur
358 993 490 1044 auctore
511 979 820 1065 Abu-Sohalkalo,
843 982 897 1062 qui
916 957 1030 1063 noetae
1051 980 1259 1043 Allerasdaki

157 1093 276 1154 relator
298 1090 409 1188 (κώ)
432 1101 519 1170 erat,
539 1089 682 1152 dieente:
697 1093 799 1153 Venit
820 1089 862 1151 ad
875 1109 926 1152 me
940 1090 1113 1152 Alnawara
1134 1089 1260 1152 dicens:

158 1213 308 1295 Loquere
330 1232 403 1277 oum
423 1215 486 1276 boo
506 1215 590 1298 vim,
610 1225 646 1277 nt
667 1213 799 1295 repudio
819 1233 871 1276 me
893 1205 1035 1274 dimittat!
1058 1211 1134 1272 Dixi
1154 1219 1261 1272 autem

160 1339 240 1403 ogo:
264 1320 443 1399 Quamnam
470 1323 509 1382 ob
531 1340 664 1383 oausam
691 1321 754 1382 boo
783 1314 862 1382 vis?
883 1321 971 1381 Dixit
1004 1319 1074 1381 illa:
1095 1317 1262 1400 Loquere!

158 1422 210 1488 Ivi
232 1427 327 1508 igitur
355 1427 396 1492 ad
417 1425 667 1493 Alferasdakum
696 1436 729 1489 et
750 1427 835 1494 dixit
879 1426 906 1490 0
928 1417 1168 1490 Abu-Feraso!
1195 1424 1260 1486 At-

158 1551 292 1595 uawara
320 1534 487 1614 repudium
514 1537 605 1614 petit
646 1535 736 1596 Dixit
764 1535 832 1595 ille:
860 1499 1039 1608 Alliasaui')
1067 1534 1260 1594 testemonio

159 1641 222 1703 hac
252 1642 284 1702 in
311 1660 347 1703 re
373 1642 449 1703 mihi
479 1642 632 1704 utendum
660 1650 720 1702 est.
761 1642 859 1703 Petiit
887 1642 981 1723 igitur
1000 1641 1200 1702 Albasanum
1228 1647 1263 1700 et

159 1769 232 1812 eum
260 1751 304 1812 ita
327 1750 485 1812 allocutus
507 1759 576 1812 est:
612 1735 648 1813 ‘0
671 1742 916 1812 Abu-Saibde!
938 1751 1046 1812 'l'estis
1067 1751 1133 1831 sie,
1154 1748 1257 1809 Alua-

158 1875 282 1918 waram
303 1856 436 1938 repudio
460 1857 606 1918 absoluto
627 1857 790 1918 dimissam
822 1873 906 1917 esse.
945 1857 1036 1918 Dixit
1061 1859 1130 1918 ille:
1153 1854 1263 1918 'lestis

160 1980 242 2024 snm.
283 1963 374 2024 llixit
413 1964 578 2038 (relator):
622 1962 728 2042 Quum
764 1964 817 2024 ille
854 1963 1095 2043 (Ferasdakus)
1125 1962 1264 2044 quadam

160 2069 215 2131 via
252 2078 359 2152 esset,
390 2071 484 2133 dixit:
517 2073 603 2134 Num
626 2071 759 2152 repudio
787 2081 820 2132 te
842 2066 970 2132 dimisi?
991 2070 1170 2152 Respondit
1190 2070 1263 2133 illa:

163 2168 279 2238 Certo!
309 2177 355 2236 At
383 2176 435 2238 illo
462 2177 557 2239 dixit:
590 2171 739 2241 Minime!
762 2179 845 2239 'l'um
870 2178 921 2239 illa
942 2177 1037 2240 dixit:
1060 2179 1097 2240 Si
1124 2179 1170 2240 ita
1199 2186 1262 2259 est,

162 2284 255 2344 Deus
287 2291 320 2344 te
349 2285 520 2365 ignominia
550 2285 698 2368 adficiat,
736 2285 830 2348 testis
857 2293 911 2347 est
929 2293 1041 2348 eontra
1065 2295 1100 2348 te
1119 2286 1264 2348 Allum-

162 2407 224 2452 nus
248 2398 282 2452 ot
303 2390 372 2453 eius
394 2400 507 2454 coetus
531 2402 564 2455 et
585 2401 620 2455 tu
639 2393 838 2475 lapidaberis.
881 2383 964 2457 Tum
988 2395 1106 2457 decinit
1125 2395 1194 2456 ille:

246 2523 478 2587 Poenitentiam
496 2544 560 2608 ago
576 2526 663 2590 siout
678 2527 849 2610 Cosaihta‚
871 2545 965 2608 quum
986 2547 1006 2589 a
1027 2547 1079 2588 me
1091 2527 1268 2590 Alnawara

162 2630 293 2712 repudio
323 2629 455 2694 dimissa
484 2643 592 2714 esset;
615 2635 788 2696 eratenim
814 2633 983 2713 paradisus
1004 2652 1117 2715 mens,
1139 2653 1181 2694 ex
1204 2651 1266 2714 quo

164 2737 252 2800 exivi
284 2737 368 2800 siout
394 2738 561 2824 Adamus‚
605 2760 702 2823 quum
749 2759 823 2802 eum
858 2740 1047 2838 Aldbiranus
1090 2741 1269 2820 expulisset

164 2872 257 2953 eique
278 2870 387 2933 similis
411 2891 509 2954 eram,
531 2874 583 2954 qui
604 2875 716 2935 oculos
729 2891 809 2935 suos
831 2874 908 2937 data
929 2892 1025 2955 opera
1046 2873 1140 2956 eruit,
1163 2874 1208 2934 ita
1228 2883 1265 2935 ut

163 2977 234 3040 dies
266 2978 296 3038 ei
323 2979 429 3040 olarus
465 2998 528 3040 non
554 2979 607 3040 sit.
650 2979 746 3058 Quod
774 2980 802 3040 si
828 3000 907 3042 vero
937 2998 1049 3044 manus
1085 2987 1118 3042 et
1161 2979 1267 3042 oordis

165 3084 228 3145 mei
259 3091 453 3165 potestatem
476 3084 681 3167 habuissem,
719 3085 787 3148 fato
809 3093 922 3147 contra
947 3107 998 3148 me
1019 3087 1133 3149 electio
1155 3087 1271 3148 luisset

166 3195 315 3266 (mortem
349 3193 494 3255 lubenter
522 3193 718 3266 subiissem).
761 3195 805 3254 Et
832 3211 895 3254 nou
921 3193 960 3253 ob
993 3195 1175 3256 satietatem
1197 3211 1269 3256 eam

166 3296 279 3382 dimisi,
299 3298 358 3361 sed
382 3301 509 3381 putaui,
534 3310 661 3382 tempus
685 3318 813 3361 suniero
833 3297 877 3382 id,
901 3298 984 3379 qnod
1006 3309 1117 3398 mutuo
1140 3296 1271 3364 detur“.

168 3491 285 3500 n-v—--n
335 3494 402 3500 --.-.

190 3591 218 3648 1)
237 3591 286 3642 Est
303 3583 428 3644 llasanus
445 3596 596 3645 Enerensis.

186 3715 218 3774 2]
235 3717 266 3765 ln
283 3715 378 3766 codice
394 3719 481 3782 bugd.
498 3718 601 3782 legitur
617 3705 750 3793 ψ,
769 3725 802 3770 ot
825 3717 900 3770 elus
917 3723 1116 3782 successor,
1136 3714 1163 3766 lu
1181 3713 1273 3769 conloe

236 3833 326 3883 llerol.
342 3817 460 3904 ΝΒ,

185 3958 376 4016 ttionemn
403 3975 463 4012 meo
488 3974 523 4013 ox
547 3963 648 4014 Beiskil
672 3963 890 4016 adnotationlbus
912 3966 946 4014 nd
969 3960 1107 4031 exemplat
1131 3958 1201 4012 (toln
1223 3962 1275 4011 od·

233 4057 334 4121 notavi,
352 4043 451 4142 ‘laall
474 4074 572 4112 nomeu
600 4062 691 4125 augeli
724 4076 801 4130 osse,
847 4063 891 4127 qul
925 4065 1057 4113 Adamum
1092 4071 1107 4110 a
1146 4059 1270 4124 paradiso

238 4183 411 4260 expulerit,ld
426 4189 496 4249 quod
517 4187 541 4238 in
549 4173 652 4273 )l5‹·ell
670 4188 917 4252 norrigeudomost,
937 4183 1062 4236 lteisklus
1081 4183 1150 4237 enlm
1169 4195 1204 4236 ox
1221 4171 1277 4238 bo'o

236 4297 320 4338 uersu
337 4286 560 4352 significationem
577 4287 698 4340 bausleno
716 4285 830 4340 uldetur.
