3024 4922
160 743 222 818 55
272 743 356 828 Duo
384 743 438 818 illi
463 722 616 820 similes
610 761 711 822 sunt
735 737 854 882 equis
867 733 1033 826 duobus
1031 751 1266 842 certaminis.

170 860 175 866 “
242 861 336 924 Duos
363 863 506 926 homines
536 865 708 950 significat,
740 866 794 960 qui
823 868 971 972 viribus,
976 877 1011 930 ut
1032 867 1177 949 videtur,
1200 885 1261 928 ae-

160 969 274 1050 quales
313 989 409 1034 unum
452 963 668 1054 eundemque
692 973 788 1038 finem
824 975 975 1058 assequi
988 975 1150 1040 student..
1166 976 1262 1048 Haec

158 1083 268 1137 autem
288 1078 494 1158 aequalitas
486 1100 517 1140 ιιι
536 1080 635 1160 initio,
655 1100 719 1145 uon
739 1083 771 1143 in
792 1081 838 1143 rei
859 1082 923 1144 tine
944 1082 1147 1164 conspicitur.
1174 1081 1259 1144 cons.

157 1533 220 1608 56
268 1533 298 1610 li
325 1551 367 1608 ut
393 1536 470 1612 duo
496 1519 626 1614 cameli
654 1567 774 1640 genua
800 1559 899 1616 sunt.

234 1649 324 1714 Dixit
341 1654 434 1718 Ebo—
415 1657 614 1742 -Alcaibius,
635 1659 801 1721 Harimum
823 1661 904 1722 ben·
907 1637 1056 1722 ΚοιΙιΙιιΙι
1075 1631 1256 1724 sosoritano

155 1733 324 1835 proverbio
344 1759 436 1824 isto'
429 1783 459 1824 m
488 1759 726 1846 Ahikamahum
747 1764 837 1825 ben·
846 1761 1005 1830 Olrlatsah
1030 1774 1063 1826 et
1090 1764 1256 1826 Ahmirum

155 1865 238 1926 ben·
219 1863 402 1952 -Althofail,
426 1871 479 1950 qui
500 1870 541 1932 ad
563 1891 637 1933 eum
659 1869 699 1932 de
719 1871 822 1954 gloria
851 1872 1023 1933 ethonore
1047 1855 1258 1951 disceptaturi

154 1975 338 2052 venissent,
359 1993 452 2036 usum
475 1994 570 2061 esse,
592 1985 627 2038 ut
648 1975 858 2061 significaret,
880 1995 937 2040 eos
959 1967 1063 2060 gloria
1085 1976 1259 2038 ethonore
1293 1963 1296 1966 ¹

153 2080 236 2140 inter
265 2099 303 2141 se
327 2074 477 2161 aequales
499 2099 592 2164 osae,
621 2081 737 2164 quippe
759 2100 857 2164 quum
879 2083 993 2146 cameli
1014 2101 1122 2164 genua
1143 2080 1257 2143 eodem

153 2181 297 2266 tempore
317 2186 348 2248 in
369 2194 486 2249 terram
508 2185 666 2250 decidant.
710 2167 818 2266 Quum
849 2187 902 2250 ini
930 2188 992 2252 duo
1013 2188 1074 2277 viri
1096 2179 1256 2268 discepta-

152 2295 216 2357 turi
237 2294 278 2356 ad
299 2312 372 2355 eum
394 2312 533 2374 vespera
553 2295 733 2376 venissent,
765 2294 938 2376 quenlibet
959 2293 1095 2357 seorsim
1114 2297 1255 2374 interro-

152 2401 263 2484 gavit,
295 2419 453 2483 quaenam
467 2395 629 2467 ,veniendi
648 2419 750 2463 causa
773 2409 881 2486 esset,
911 2399 945 2466 et
968 2392 1073 2482 quu'mv
1086 2408 1256 2490 utrumque

153 2515 189 2569 ιιι
208 2505 248 2568 de
270 2508 389 2568 honore
411 2525 485 2571 cum
513 2506 603 2572 socio
637 2504 851 2593 disceptaret,
879 2501 1012 2598 ¹uenisse
1033 2508 1171 2589 audiret,
1193 2498 1259 2574 sibi

151 2615 310 2696 ingratum
334 2623 496 2676 certamen
525 2615 703 2675 evitaturus
732 2623 766 2682 et
792 2615 846 2678 uni
874 2624 907 2677 et
927 2613 1020 2676 alteri
1039 2601 1141 2698 dixit,
1163 2605 1254 2704 socio

152 2721 321 2784 uictoriam
356 2720 601 2799 adiudicandam·
637 2738 733 2803 esse,
770 2722 796 2783 si
831 2722 863 2784 in
903 2732 1067 2786 certamen
1101 2702 1257 2815 venisset.

152 2828 235 2891 cous.
258 2827 295 2890 C.
318 2827 379 2905 Vi,
402 2826 470 2891 172.
493 2828 706 2907 Quaeautem
721 2823 818 2891 resin
832 2847 935 2892 causa
950 2837 1027 2905 erat,
1041 2847 1097 2890 cur
1118 2819 1165 2890 ιιι
1172 2809 1256 2889 unus

152 2945 185 2998 et
205 2935 286 2998 alter
308 2954 329 2998 a
350 2937 524 2999 certamine
545 2936 728 3000 absisteret.
754 2935 860 3016 Quum
881 2955 960 3036 verq
982 2934 1254 3018 poetaAlahscha
1373 2964 1376 2970 ·

151 3043 306 3125 utrique
297 3063 329 3104 ιιι
350 3045 462 3106 itinero
484 3062 656 3106 occurrens
679 3043 719 3106 de
740 3046 862 3108 itineris
889 3031 990 3108 caiisa
998 3045 1126 3108 certior
1147 3042 1255 3105 factus

150 3158 255 3233 esset,
290 3149 420 3212 Ahmiro
449 3148 545 3210 dixit.
566 3147 660 3243 Quid
685 3149 761 3210 mihi
781 3149 864 3211 dono
887 3147 976 3236 das,
990 3151 1019 3211 si
1046 3148 1197 3224 effecero,
1218 3156 1255 3255 pt

149 3256 251 3340 glorio
275 3255 513 3318 Ahlkamahum
549 3241 708 3315 vincas?
730 3245 897 3316 Ahmirus
905 3252 1082 3334 respondit:
1113 3231 1252 3317 Centum

150 3363 291 3424 camelos
314 3361 369 3422 tibi
390 3353 447 3423 do!
471 3368 521 3421 et
524 3378 621 3444 quum
643 3357 808 3421 Aiahsoha
829 3355 1080 3441 interrogasset,
1098 3377 1172 3420 num
1192 3361 1255 3442 ipsi

153 3470 389 3533 'coutraArabes
398 3469 517 3531 tutelae
525 3467 650 3528 futurus
663 3459 782 3528 esset?
799 3461 1049 3570 alterrespoudit
1061 3485 1120 3549 τὺ..
1145 3464 1257 3560 roffi

148 3581 246 3683 φῇ,
283 3581 389 3653 adsedi
413 3583 473 3666 poi
506 3580 662 3643 n'l'utelao
694 3577 749 3640 tibi
779 3597 850 3640 sum
873 3584 985 3640 contra
1013 3572 1143 3658 g'entem
1172 3579 1258 3639 coeli

148 3689 337 3778 terraeque!
359 3696 512 3761 Ahmirus
543 3695 774 3799 interrogatos,
798 3693 872 3776 quid
893 3693 1002 3756 verbis
1023 3709 1127 3776 gens
1148 3691 1255 3755 coeli

150 3802 261 3879 vellet,
281 3801 462 3884 respondit:
485 3800 580 3880 Quod
594 3804 624 3866 si
639 3820 721 3865 unus
733 3821 752 3863 e
766 3801 899 3864 tiliorum
914 3807 968 3862 aut
977 3815 1112 3866 uxorum
1124 3814 1256 3859 numero

149 3920 295 3971 mortuus
323 3910 436 3994 suerit,
466 3910 589 3972 mortis
609 3911 743 3990 pretium
778 3909 870 3972 dabo
888 3917 921 3971 ot
947 3909 976 3970 ai
996 3907 1169 3968 iumentum
1201 3905 1258 3968 tihi

150 4016 291 4097 perierit,
302 4018 374 4079 toeo
397 4017 468 4076 eius
490 4015 622 4077 alterum
643 4014 728 4078 dono
743 4015 798 4078 tibi
814 4015 910 4079 dabo.
930 4013 1024 4093 Quod
1042 4031 1139 4095 quum
1151 4011 1255 4074 Alah-

149 4122 232 4188 scha
258 4130 387 4205 gratum
416 4121 570 4202 haberet,
599 4121 766 4205 ΙΑιιιιιίιιιιιι
796 4103 940 4200 laudavit
965 4129 999 4202 ct
1019 4119 1254 4186 Antunnacum

153 4240 267 4314 satyra
288 4229 473 4312 perstrinxit
495 4227 624 4294 dicens:
1044 4315 1055 4328 ..
1121 4317 1133 4357 1
1229 4305 1233 4317 ,
