2990 4920
566 297 883 402 -u-‘

243 541 635 735 &aalma
608 527 968 679 lta-wsml&
1039 488 1189 670 lv¹

120 773 183 852 tt
234 772 346 843 Canis
370 770 531 860 festinat,
557 785 602 842 ut
626 767 747 840 fetum
778 765 927 842 duobus
962 767 1081 844 oeulis
1122 796 1226 868 prae

231 894 352 967 ditum
380 897 511 996 pariat.

206 1021 307 1085 canis
328 1023 428 1098 letum
451 1019 614 1086 celerrime
635 1019 776 1103 enititur,
810 1036 893 1099 quae
913 1037 1111 1100 nauseasse
1141 1018 1225 1082 diei-

120 1139 185 1211 tur,
208 1147 265 1191 eur
285 1127 383 1191 letus
397 1129 478 1190 oeuli
501 1127 602 1190 elausi
624 1129 698 1190 sint.
744 1127 953 1190 Proverbium
976 1127 1074 1209 igitur
1096 1125 1137 1189 de
1160 1127 1228 1190 vire

122 1234 253 1297 nimium
271 1233 466 1315 festinante,
497 1242 532 1295 ut
560 1251 642 1315 opus
669 1252 731 1294 nen
760 1233 842 1294 bene
864 1231 1027 1312 perliuiat,
1054 1232 1228 1297 adhibetur.

119 1343 157 1402 lu
179 1338 438 1410 Samaehsebarii
460 1358 557 1420 opere
580 1339 670 1407 wi
696 1338 796 1416 μβ
818 1337 954 1414 locat?
980 1346 1042 1400 ete.
1062 1338 1230 1400 »Festinat

123 1461 217 1526 modo
240 1481 303 1544 qua
326 1461 457 1523 festinat
479 1462 589 1523 eanisa
612 1469 674 1522 ete.
696 1460 819 1541 legitur.

321 1567 393 1603 ΗΟ
399 1538 430 1604 >⁰

306 1571 1032 1758 &mauman

123 1802 185 1877 48
235 1799 422 1874 Adhaeret
447 1799 589 1897 (situla)
617 1798 722 1888 loce,
761 1799 829 1882 ubi
864 1797 1084 1870 adhaerere
1101 1795 1228 1885 debet,
1297 1885 1301 1896 ι

235 1943 272 1997 et
297 1924 456 1998 strident
481 1921 661 1997 locustae.

207 2050 374 2112 Proverhii
400 2069 517 2113 sensus
541 2057 605 2135 est·
634 2047 704 2112 llas
733 2047 920 2111 necessarie
943 2063 1046 2128 perag
1025 2043 1129 2108 aenda
1159 2051 1229 2124 θεὶς

124 2157 184 2218 sed
206 2155 318 2218 debilis
336 2157 447 2240 gentis
468 2156 578 2242 tinore
598 2127 767 2242 paradeus
789 2163 849 2216 est.
870 2152 967 2222 uteie
979 2151 1227 2220 Sumaehseha·

125 2265 192 2325 rius
214 2261 312 2345 dixit,
333 2262 531 2342 proverbium
561 2259 703 2324 adhiberi
725 2261 766 2323 de
789 2281 824 2322 re
853 2262 935 2323 bene
963 2251 1088 2322 lirmata
1115 2267 1147 2320 et
1174 2258 1227 2319 in-

127 2365 239 2431 stituta
258 2371 376 2465 satsat,
403 2363 469 2466 ,alt
495 2369 661 2445 „lasani
687 2371 731 2452 ὁ.
775 2367 941 2431 Proverbii
963 2365 1114 2450 originem
1133 2367 1228 2428 talem

128 2492 230 2554 luisse
250 2502 393 2555 narrant:
436 2493 498 2555 Vir
530 2492 657 2575 quidam
686 2492 728 2556 ad
756 2503 884 2574 puteum
914 2475 1090 2555 accedens
1103 2492 1228 2553 situlam

126 2614 217 2660 suam
239 2598 279 2660 ad
300 2597 386 2678 putei
405 2598 533 2660 situlam
555 2599 756 2663 adhaeserat.
799 2601 879 2662 'lum
901 2597 943 2660 ad
962 2597 1050 2679 putei
1068 2597 1228 2660 deminum

125 2703 259 2767 tendens
279 2723 317 2766 se
339 2707 407 2768 eius
428 2705 567 2768 vicinum
588 2725 665 2769 esse
694 2707 782 2769 dixit.
833 2709 909 2786 llle,
942 2725 1037 2788 quam
1067 2707 1105 2767 eh
1132 2695 1232 2767 rem?

125 2815 338 2895 interrogans,
360 2833 457 2895 quum
479 2814 570 2895 alter,
592 2834 630 2878 se
650 2815 777 2878 situlam
800 2833 892 2877 suam
920 2813 961 2877 ad
989 2815 1078 2896 putei
1102 2809 1228 2875 sitdlam

124 2920 325 3004 adhaesisse,
348 2922 482 3006 diceret,
503 2909 698 2988 vicinitatem
721 2943 783 2988 nen
807 2911 940 3014 agnovit
962 2933 993 2984 et
1010 2924 1144 2984 alterum
1166 2921 1228 2982 ah-

125 3028 170 3090 ira
195 3028 297 3089 iussit.
345 3027 439 3089 Alter
466 3037 575 3090 autem
603 3027 641 3091 se
667 3031 754 3091 abire
786 3049 848 3091 non
874 3045 975 3110 pesse
1003 3028 1042 3091 ab
1071 3045 1228 3089 summum

125 3141 252 3199 aestum
273 3133 514 3216 significaturus
533 3137 643 3198 verbis
670 3137 742 3202 istis
771 3155 848 3198 usus
879 3144 939 3196 est.
984 3135 1083 3198 Garri.
1112 3133 1234 3214 Djeula⁴

124 3257 153 3302 u.
174 3239 249 3343 Ula
270 3246 303 3298 et
330 3239 543 3302 Samaehsuh.
565 3241 862 3303 Ebu-Alahrabius
883 3241 983 3304 dixit:
1014 3242 1075 3304 vtr
1101 3240 1226 3323 quidam

124 3360 285 3424 mulierem
308 3379 433 3427 samam
456 3361 631 3427 demissam
651 3381 733 3443 qaae
751 3363 905 3443 hahebat,
927 3365 1072 3445 perlaeta
1094 3383 1229 3445 eorpore

125 3465 302 3550 praeditam
322 3467 356 3530 iu
381 3469 612 3534 matrimonium
642 3469 788 3550 petierat.
835 3471 1038 3534 alamannie
1062 3479 1235 3536 eentraate

125 3573 169 3640 ad
189 3593 262 3639 eum
283 3573 396 3638 mulier
409 3595 511 3656 parva
526 3585 558 3639 et
573 3573 967 3640 rlelarmisdadueehatur.
1004 3575 1114 3652 Quam
1135 3597 1231 3658 quum

127 3683 340 3766 anaspiaeret,
364 3680 454 3766 dixit,
480 3700 518 3746 se
549 3683 643 3747 aliam
673 3685 705 3746 ia
740 3680 973 3744 matrinaairua
1002 3680 1151 3760 petiisse.
1185 3684 1235 3748 Aa
1284 3701 1290 3714 “

126 3807 207 3851 uxor
227 3790 387 3870 proverbii
408 3792 517 3856 verbis
538 3793 685 3855 utebatur
704 3791 938 3874 significum,
968 3809 1037 3852 rem
1067 3797 1232 3870 parmam

127 3896 243 3959 mutari
268 3916 331 3958 non
360 3915 470 3977 perse.
521 3897 617 3977 Quod
642 3899 684 3961 ad
710 3917 827 3961 venera
856 3899 968 3970 attin
997 3898 1124 3980 attinet,
1156 3915 1229 3958 eam

127 4020 282 4101 pluralem
303 4037 379 4081 esse
400 4031 457 4082 aut
477 4040 496 4083 a
516 4039 602 4086 veee
622 4023 722 4091 aazia·
740 4021 865 4105 „loeus
886 4020 937 4082 ubi
958 4035 1135 4102 appensum
1158 4026 1228 4081 eata

128 4154 186 4207 aut
213 4165 234 4208 a
256 4148 441 4216 Q
462 4147 574 4212 alaeue
588 4148 643 4210 ubi
662 4146 738 4229 quid
760 4145 965 4228 appenditura
989 4144 1127 4208 derivari
1148 4103 1231 4228 pes·-

129 4289 168 4334 se
196 4278 320 4352 putant.
361 4270 485 4336 littera
505 4293 541 4338 ur
567 4271 708 4336 feramini
728 4271 858 4354 signum
877 4271 909 4334 ia
930 4269 1031 4332 verbo
1053 4269 1151 4342 Qut..
1170 4277 1228 4334 ant
