3018 4930
579 351 857 414 -aoea

149 529 271 591 dicitur.
323 531 478 594 Narravit
517 531 860 615 Abu-l'lekthsanust,
892 533 1029 616 oppiduli
1058 536 1150 598 istius
1193 536 1255 596 Al-

148 635 325 720 lradjdjadji
353 639 484 718 primam
512 640 614 701 luisse
644 641 886 720 praefecturam.
916 639 970 703 Ad
999 643 1084 723 quod
1105 640 1254 723 oppidum

149 761 244 822 quum
284 745 492 826 proficiscens
524 746 597 809 viae
629 746 744 808 ducem
778 747 1029 830 interrogasset,
1065 748 1120 811 ubi
1158 747 1254 808 situm

149 858 254 929 esset,
269 859 302 912 et
323 851 374 911 hic
393 871 478 932 pone
505 853 617 914 collem
630 850 672 914 Jid
700 853 797 914 situm
820 871 912 936 esse,
934 852 1171 936 respondisset,
1193 853 1256 920 Al.-

148 951 365 1039 hadjdjadjus,
389 975 427 1017 se
449 957 554 1038 oppidi
571 959 815 1038 praefecturam,
838 957 923 1039 quod
946 959 1035 1020 collis
1057 959 1255 1020 abscondere

150 1063 262 1138 possit,
300 1069 502 1122 contemnere
546 1063 656 1124 dicens
698 1083 760 1144 qua
795 1074 930 1126 venerat
962 1065 1017 1124 via
1059 1063 1159 1123 rediit.
1200 1063 1253 1123 Ab

147 1166 210 1226 isto
239 1165 312 1226 inde
338 1176 481 1246 tempore
509 1169 707 1248 proverbium
732 1165 807 1229 illud
836 1189 897 1230 usu
928 1170 1036 1230 tritum
1064 1175 1141 1229 erat.
1169 1167 1252 1231 conf.

147 1273 215 1334 l'it.
238 1274 355 1334 'l'imun
379 1276 416 1336 Τ.
437 1277 453 1335 Ι
474 1295 504 1355 p.
525 1275 587 1336 582
610 1274 650 1336 ed
671 1277 784 1356 Mang.

145 1501 155 1508 κ
273 1410 466 1549 oiseii
489 1417 578 1564 &K
608 1413 740 1588 CM?
766 1479 832 1583 Ua
867 1396 1022 1584 ὧρῗ
1063 1457 1119 1540 lii‘

148 1663 232 1734 163.
286 1659 527 1750 Contemtior,
543 1687 654 1761 quam
672 1663 827 1734 latratus
841 1663 942 1734 canis
971 1661 1074 1734 nubi.

229 1809 338 1872 Canas
368 1808 451 1889 apud
472 1809 613 1870 scenitas
634 1810 796 1883 viventes,
814 1827 909 1888 quum
934 1827 1061 1888 semper
1082 1809 1141 1869 sub
1156 1799 1273 1869 coelo*

143 1925 380 1980 commorantes
417 1937 459 1977 ex
488 1915 612 1997 pluuia,
641 1933 736 1995 quarn
766 1917 870 1976 nubes
893 1913 1051 1989 adferunt,
1072 1914 1248 1975 molestiam

142 2025 334 2106 percipiant,
358 2024 482 2118 quotics
504 2022 595 2085 coelo
617 2025 733 2085 nubem
755 2024 967 2103 conspiciant,
996 2025 1111 2086 latrare
1133 2023 1248 2084 dicun-

142 2141 201 2193 tur.
244 2131 355 2194 Simile
375 2131 450 2191 huic
477 2132 610 2192 alterum
644 2130 847 2210 proverbium
880 2137 946 2190 est:
969 2119 1114 2211 elisia-ll
1133 2157 1201 2226 ,mg
1226 2126 1246 2192 l

143 2256 254 2372 Zlqpl
287 2253 705 2358 (Uarfflsfflidww
733 2257 800 2366 zlgr
838 2255 955 2339 „Non
1000 2261 1124 2317 nocet
1152 2255 1247 2316 nubi

142 2385 315 2444 latratus
349 2397 492 2441 cauum
537 2387 578 2440 et
610 2399 688 2441 nou
720 2387 862 2459 petrae
899 2381 1001 2442 vitri
1036 2378 1247 2466 ruptura“.

141 2487 231 2551 Dixit
251 2493 363 2570 poeta:

182 2619 275 2765 dits
302 2623 519 2727 audies
543 2677 647 2730 ..su
673 2628 738 2740 dr}
763 2614 1050 2762 {tangat
1065 2653 1090 2717 a
1115 2637 1140 2730 Γ
1167 2638 1208 2738 a,

140 2826 341 2904 „Quemnam
374 2827 414 2889 ob
445 2817 577 2888 causam
611 2825 822 2888 incursionem
851 2845 913 2887 non
942 2824 1027 2886 facio
1056 2833 1088 2885 et
1109 2824 1244 2902 tempori

180 2942 231 2996 est
251 2933 372 2996 reditus
395 2945 427 2996 et
448 2935 510 2996 iam
532 2935 590 2998 sub
611 2937 702 2996 coelo
723 2935 794 2996 eius
819 2951 919 2995 canes
943 2931 1125 2994 latrarunt“.‘
1213 2939 1215 2944 ’

223 3043 282 3104 Sic
304 3060 433 3122 quoque
456 3060 554 3104 canes
575 3044 682 3102 lunam
719 3042 873 3102 orientem
906 3039 1065 3102 adlatrare
1099 3037 1243 3100 dicuntur

138 3147 171 3208 in
192 3148 254 3209 hoe
274 3157 389 3209 versu:
500 3177 508 3194 ·

128 3277 1239 3421 accommodet

136 3482 186 3546 „0
208 3482 339 3563 Djabirc
360 3481 551 3563 ben-Abdijj
575 3491 608 3544 tu
630 3497 703 3543 cum
725 3482 852 3562 agmine
873 3480 945 3543 cani
968 3480 1079 3542 similis
1101 3499 1138 3543 es
1149 3525 1162 3564 ,
1185 3481 1237 3560 qui

173 3607 192 3649 e
214 3589 385 3672 longinquo
406 3591 510 3651 lunam
531 3588 698 3650 adlatret«.

310 3746 518 4006 ,auidi
538 3735 945 3934 eujigfma
835 3735 947 3873 “l‘’
