3012 4908
943 261 977 273 ,.

982 271 1034 294 „.,n

998 319 1001 325 '
1053 321 1107 341 ὲ“-.

716 380 758 395 ...
798 347 864 412 ³08
904 381 947 395 ...

270 539 304 606 3·
355 531 442 606 Fuit
469 533 594 606 asinus
620 546 657 606 et
684 544 844 604 mutatus
869 544 922 604 est
950 533 987 604 in
1013 534 1165 607 asinam.

351 697 476 760 Sensus
498 707 549 762 est
570 695 837 780 praecedentibus
866 695 1055 759 contrarius.
1078 697 1136 760 Sic
1155 698 1187 760 in
1210 698 1385 763 Semach-

266 801 383 866 echarii
421 803 509 865 libro.
551 805 589 866 In
628 801 780 864 Meidunii
820 808 929 863 antem
964 801 1095 863 scholiis
1124 803 1258 880 legitur:
1301 805 1386 867 Hoc

264 917 371 971 antem
394 927 509 972 revere
529 928 592 972 non
612 908 663 990 llt3
685 906 746 973 sed
766 925 883 971 sensus
905 916 975 989 est,
993 923 1066 968 eum
1088 907 1190 970 luisse
1211 911 1385 973 robustum

264 1024 298 1077 ct
318 1015 465 1098 petiisse,
485 1024 520 1079 nt
541 1014 653 1078 debilis
680 1021 768 1077 esset
787 1013 856 1076 vel
879 1009 1013 1075 debilem
1041 1023 1071 1074 et
1095 1014 1240 1096 petiisse,
1261 1027 1299 1080 ut
1320 1037 1384 1079 ro·
1417 1026 1420 1030 '

263 1121 378 1186 bustns
407 1130 506 1184 esset.
546 1123 648 1186 Verbi
669 1129 776 1186 eutem
796 1119 913 1220 &tlt-l
933 1117 1125 1202 significatio
1146 1128 1215 1183 est:
1242 1123 1383 1204 „Petita

266 1252 302 1306 nt
323 1244 414 1306 asine
441 1237 566 1308 essel“.

268 1671 306 1746 4.
359 1672 449 1746 Fuit
473 1650 675 1748 vulnuset
701 1684 781 1744 tnnr
807 1611 977 1746 innuptum
1005 1684 1073 1750 est.

315 1817 469 1903 Narrant,
492 1817 648 1900 quendam
673 1809 809 1881 emicum
831 1819 892 1900 ipsi
915 1818 1129 1898 carissimum,
1152 1835 1248 1900 quem
1270 1827 1379 1882 morte

267 1925 450 2006 emisisset,
488 1943 615 1988 sumna
653 1926 781 1989 tristitie
817 1925 981 1987 adfectum
1018 1926 1161 2008 luxisse,
1196 1934 1264 1988 turn
1295 1946 1380 1990 vero

266 2049 287 2093 e
307 2031 449 2116 lugende
460 2033 666 2118 abstinuisse,
686 2041 721 2095 ut
741 2033 792 2094 elii
804 2033 966 2112 mirantes,
982 2050 1139 2114 quaenam
1154 2051 1257 2096 musa
1273 2045 1379 2116 esset,

267 2157 338 2200 eum
366 2140 607 2222 interrogarent.
629 2141 713 2202 Itum
735 2136 895 2220 proverbii
915 2138 1016 2200 verbe
1037 2137 1167 2203 dicisse.

268 2603 304 2672 5.
351 2599 441 2672 Fuit
466 2622 580 2672 crum
605 2595 705 2698 gelli.

350 2761 434 2826 rtem
455 2762 557 2824 semel
586 2770 710 2825 tantum
732 2760 930 2827 accidentem
951 2759 1123 2850 significet.
1165 2770 1376 2837 Proverbium

268 2867 516 2930 Basebscbarue
534 2869 647 2931 versui
673 2868 805 2931 inseruit
826 2868 952 2960 dicens:

266 3035 1375 3184 wimbisstzbbffiiu'eitebtb

271 3257 375 3356 „lam
388 3270 451 3322 une
473 3259 546 3322 vice
566 3282 624 3344 per
645 3259 798 3347 temperis
825 3267 955 3348 longum
982 3269 1121 3348 spatium
1142 3291 1195 3333 me
1221 3272 1371 3338 visitasti.

312 3359 439 3442 Repete
458 3371 492 3426 et
512 3384 554 3429 ne
575 3385 647 3430 enm
662 3367 916 3454 (visitationem)
938 3393 1035 3436 ovum
1057 3377 1134 3459 gelli
1154 3373 1252 3444 ΜΨ

552 3547 1067 3736 ,εμρμιι

268 3849 304 3921 6.
352 3846 444 3920 Fuit
467 3843 600 3920 fissura
633 3846 672 3918 in
699 3845 835 3946 lapide.

353 4017 530 4081 Calamites
565 4019 656 4099 (nem
690 4015 904 4102 supplendum
932 4033 982 4087 est
997 4029 1110 4110 mail
1130 4030 1373 4119 calamites)

269 4121 330 4201 run
357 4137 473 4203 fissura
498 4141 529 4202 tn
554 4151 656 4233 perra.
698 4145 736 4207 ιη
766 4144 868 4207 nrum
905 4144 1034 4232 dicitur,
1074 4151 1128 4231 qut
1159 4155 1372 4222 ceramicum

248 4239 393 4310 'iorflter
413 4247 488 4330 fert,
510 4257 546 4313 nt
566 4249 637 4313 elus
658 4250 803 4336 vestigia
823 4255 921 4316 multa
941 4274 1005 4317 non
1024 4269 1219 4326 rernuneant.
