3012 4908
670 345 898 410 -318-

470 567 587 754 &fii
623 649 726 741 &a
763 555 983 750 jiihil<
1037 614 1094 690 ιι

230 853 291 929 ³3.
343 848 423 922 Ede
448 850 488 944 (o
514 793 667 945 femina)
694 825 819 922 cibum
847 845 939 919 furti
966 863 1003 920 et
1029 846 1173 921 dormi!
1244 879 1248 887 ¹
1337 865 1341 872 “

312 997 460 1082 Familia,
483 1017 566 1080 quae
602 1000 757 1061 camelum
797 1005 1010 1078 mactaverat,
1040 997 1174 1060 ancillae
1212 1007 1336 1060 tantum

229 1107 335 1167 carnis
365 1103 518 1168 edendum
542 1105 690 1182 dederat,
720 1114 755 1166 ut
775 1095 893 1166 satiata
914 1113 1012 1166 esset.
1055 1105 1123 1166 lsta
1144 1114 1252 1167 autem
1274 1124 1339 1166 an·
1419 1174 1421 1176 ,

228 1213 313 1294 cilla,
336 1231 419 1294 quae
443 1213 540 1275 avida
562 1215 594 1274 ct
616 1211 699 1273 liuto
722 1209 848 1273 addicta
871 1218 974 1292 esset,
998 1211 1133 1294 adipem,
1157 1229 1250 1297 qnam
1273 1197 1337 1275 du-

230 1321 333 1381 minus
355 1320 488 1382 lanceae
510 1318 633 1400 cuspidi
662 1319 875 1398 imposuerat,
905 1317 1012 1382 furata
1031 1317 1203 1380 assandam
1225 1321 1337 1400 prunis

230 1425 387 1507 imposuit.
437 1424 593 1487 Dominus
624 1411 752 1488 odorem
785 1425 981 1508 percipiens,
1001 1413 1005 1420 ⁴
1024 1402 1103 1506 quid
1139 1436 1241 1506 esset,
1283 1428 1337 1488 in·

229 1533 414 1614 terrogavit.
456 1532 581 1593 Ancilla
612 1531 791 1612 respondit:
829 1531 946 1617 „Res.
976 1551 1070 1614 quam
1092 1529 1219 1613 adipem
1245 1541 1336 1614 putat

228 1657 306 1700 esse
328 1638 491 1717 dominus,
515 1656 623 1719 magni
643 1638 733 1699 nervi
754 1639 785 1699 in
805 1639 886 1701 collo
908 1639 1022 1701 humor
1042 1641 1125 1700 est‘fi
1168 1641 1250 1703 'lum
1272 1639 1337 1702 do-

228 1747 333 1813 minus
354 1745 419 1808 ista
441 1746 599 1826 proverbii
620 1746 720 1810 verba
733 1747 876 1830 protulit,
899 1765 983 1828 quae
1007 1744 1154 1808 deavido
1169 1747 1333 1832 dicuntur,

227 1856 282 1938 qui
309 1853 349 1916 ob
380 1852 566 1917 aviditatem
595 1853 625 1913 in
656 1870 708 1913 res
738 1861 848 1933 turpes
882 1851 998 1915 incidit.
1040 1853 1167 1916 Dicitur
1208 1873 1336 1937 quoque

229 1960 432 2042 proverbium
454 1961 485 2021 in
507 1968 705 2040 suspectum.
726 2001 729 2008 »
825 2033 828 2042 ,

561 2137 802 2200 moseia!
883 2168 935 2200 ο
967 2143 1018 2201 ’a

395 2165 1026 2326 iissmlilmtawji
1099 2211 1224 2298 ιι

227 2401 286 2472 34.
338 2399 467 2474 Omnis
492 2426 563 2486 res,
590 2425 688 2500 quae
713 2427 844 2473 nasum
869 2427 946 2474 non
972 2401 1069 2496 ferit,
1103 2401 1286 2482 lenisest,

310 2565 370 2628 Vir
388 2565 651 2648 alterius,·quem
672 2573 903 2649 prostraverat,
925 2587 1039 2638 nasum
1061 2571 1227 2650 amputare
1239 2573 1335 2634 vole-

229 2671 305 2756 bat,
324 2657 388 2735 ¹sed
410 2673 527 2734 faciem
548 2675 731 2764 vulperans,
752 2665 1073 2767 rem'pmfloerefnon
1084 2683 1218 2762 peterat
1240 2678 1335 2757 Quod

228 2796 325 2860 quum
354 2781 404 2840 vir
434 2779 561 2860 quidam
582 2787 745 2861 narraret,
770 2779 822 2841 isti
850 2783 1010 2862 proverbii
1038 2785 1137 2847 verba
1159 2784 1238 2846 dixit
1258 2787 1329 2868 sig·

230 2882 431 2964 silicaturus,
453 2899 521 2980 rem
543 2901 618 2946 esse
638 2883 744 2946 lavem
766 2892 798 2947 et
819 2886 945 2948 facilem
967 2888 1169 2952 censendam.
1229 2970 1232 2985 Ξ

230 3353 288 3424 35.
341 3349 502 3428 Omnem
534 3380 618 3428 nam
670 3374 809 3430 novam
854 3329 927 3432 iam
951 3375 1101 3434 atteret
1154 3353 1333 3436 numerus

337 3473 503 3569 (dierum
528 3496 566 3552 et
603 3482 800 3576 noctium.)

297 3638 376 3703 Dies
398 3662 523 3706 omnem
544 3653 664 3708 statum
685 3610 823 3728 metant,
852 3655 887 3709 ut
907 3667 961 3710 res
981 3633 1066 3715 noua
1088 3661 1182 3716 vetus
1204 3653 1270 3717 liat.

480 3830 800 3868 chaeno

445 3865 591 3986 [ομ
627 3846 822 4027 visui
859 3819 994 3988 „ffi
1065 3891 1111 3974 ll

229 4106 288 4178 ³6.
340 4107 468 4183 Omnis
493 4087 659 4186 vestrum
685 4112 848 4212 mulgeat
874 4116 1071 4209 camelam,
1098 4147 1196 4222 quae
1223 4125 1330 4199 abor.

295 4267 300 4276 ·
337 4249 418 4310 tum
442 4265 553 4345 passa
573 4235 661 4314 anni
685 4245 876 4342 praeteriti
902 4245 1048 4346 pullum
1074 4267 1182 4325 amat.
