2942 4936
557 351 765 416 -45-

23 549 25 588 i
96 535 164 602 55.
214 529 332 628 Magis
368 527 509 634 durans
545 527 670 627 quoad
696 543 880 602 extremae
918 530 1012 602 vitae
1051 539 1207 618 moium,

211 677 324 752 quam
352 653 501 726 lacerta.

184 801 442 865 Vocabulorum·
474 807 527 862 est
557 799 751 881 significatio
789 807 937 882 mutua,
979 799 1048 880 qui
1083 799 1207 863 reliu-

97 925 241 1004 quitur
261 928 301 987 in
326 926 465 988 occiso
488 926 678 1008 animali,
708 934 743 987 ut
763 924 919 1008 quaedam
941 924 1030 986 viiae'
1052 941 1128 1004 pars
1149 945 1205 988 re-

94 1029 188 1110 liqua
210 1049 287 1094 esse
307 1033 337 1092 in
360 1051 399 1093 eo
421 1030 576 1093 videatur.
619 1033 760 1094 Narrant
781 1040 887 1092 autem
907 1034 1059 1093 iaoortam
1078 1043 1205 1097 maeta-
1261 1047 1268 1069 ⁸

96 1145 179 1219 tam,
202 1155 295 1218 quum
319 1138 380 1199 iam
401 1159 457 1220 por
477 1139 583 1200 noctis
598 1139 737 1220 spatium
760 1139 970 1200 membrorum
986 1146 1091 1200 moiun
1112 1141 1230 1222 quie-r

95 1245 194 1324 verit,
216 1263 309 1306 mane
329 1245 361 1322 in
382 1245 491 1327 ignom
511 1247 659 1309 iniectam
678 1265 796 1309 rursus
814 1248 955 1330 moveri,
997 1255 1032 1310 ut
1052 1247 1083 1308 iu
1105 1249 1205 1313 vitam

95 1353 237 1418 rediisse
258 1353 414 1418 videatur.
458 1346 556 1419 Conf'
572 1355 688 1436 Djeuh.
726 1359 732 1372 ‘

362 1508 595 1700 &75⁸fo
631 1528 715 1648 {Lao
749 1508 956 1674 afflui

96 1781 156 1851 56.
209 1777 327 1876 Magis
355 1773 495 1848 durans
527 1773 653 1884 quoad
691 1788 875 1847 extremae
913 1776 1009 1848 vitae
1044 1789 1201 1878 motum²

206 1924 319 1999 quam
344 1899 483 1997 vipera.

182 2048 325 2128 Viperae
356 2046 485 2108 oooiaaa
513 2065 570 2126 por
596 2047 707 2126 plures
730 2044 800 2108 dies
822 2043 930 2114 motus
951 2048 1062 2110 inesse
1082 2046 1204 2111 dieitur.

374 2193 930 2397 Qoemmo

97 2425 161 2536 57J
211 2462 328 2562 Magis
365 2460 506 2534 durana
535 2459 662 2560 quoad
696 2476 881 2560 eutramae
917 2463 1012 2536 vitae
1046 2479 1204 2558 motum,

204 2611 315 2686 quarn
343 2611 508 2688 serpens,

182 2735 320 2817 Saepius
343 2736 437 2798 teriia
457 2749 533 2817 para
555 2734 698 2814 eorporis
720 2752 740 2795 a
768 2735 868 2796 latera
890 2734 1014 2799 candae
1044 2739 1205 2820 serpentis
1237 2753 1241 2761 '

98 2850 289 2925 amputatur,
312 2853 344 2904 ot
365 2841 426 2904 nisi
446 2832 598 2904 formicae
619 2860 693 2902 oum
713 2840 881 2924 attingunt,
905 2842 994 2905 vivit.

334 2969 564 3130 ὥ

97 3263 154 3334 58.
204 3259 324 3357 Magis
353 3253 492 3328 durans
530 3252 657 3353 quoad
693 3237 875 3328 extremae
913 3257 1010 3330 vilae
1041 3271 1197 3354 motum,

202 3408 314 3480 quam
341 3377 560 3453 scarabaeus
586 3379 702 3477 niger.
752 3391 760 3402 ’

176 3531 241 3593 Hie
264 3529 394 3610 saepius
415 3529 584 3612 frangitur,
607 3537 639 3591 et
659 3528 859 3590 nihilominus
881 3528 1022 3590 incedit:

98 3943 155 4019 59.
204 3940 381 4040 Longior,
410 3966 522 4039 quam
553 3963 804 4039 paransangae
831 3936 1084 4052 Dair.Cahbi.

174 4087 288 4150 Utrum
320 4073 522 4158 Dair-'Ca'ahb
550 4108 664 4150 nornen
692 4105 849 4168 personae
877 4107 938 4169 an,
971 4087 1057 4169 quod
1078 4085 1199 4150 verisi-

96 4195 650 4283 miiiusuidetur7100inomensit,
672 4217 730 4279 pro
753 4205 840 4258 aerio
866 4194 1025 4262 affirmare
1051 4217 1114 4260 non
1136 4215 1197 4260 au·

97 4307 238 4370 suasim.
281 4303 493 4368 Proverbium
514 4323 533 4366 a
555 4323 653 4368 versu
674 4314 790 4387 poetae
812 4303 969 4388 originem
990 4304 1099 4367 duxit:
