3006 4908
660 329 808 416 ...Μ
848 369 890 382 ..

218 521 414 588 ben-0hdas
434 530 536 606 nupta
557 520 702 585 maritum
724 517 954 584 odiolrababat.
995 515 1143 598 Repudio
1164 515 1261 600 igitur
1276 515 1329 580 di-

217 634 318 697 missa
337 641 369 694 et
390 631 497 694 iuveni
517 630 761 711 pulehronupta
776 645 873 710 quum
893 625 1001 688 vietus
1023 625 1130 706 inopia
1151 626 1325 711 laboraret,

217 738 259 800 ad
283 737 449 818 pristinum
485 736 629 798 maritum
656 737 707 796 lae
736 741 850 814 petens
885 733 981 794 misit.
1030 733 1089 795 llle
1122 741 1227 795 autem
1257 734 1329 795 istis

219 843 378 926 proverbii
388 843 496 906 verbis
513 851 607 905 utens
618 841 851 904 laoreeusavit.
867 839 960 918 Quae
969 859 1065 920 quum
1076 839 1330 923 mulieraudiret,

219 946 322 1016 mariti
342 952 393 1014 sui
407 951 574 1014 humerum
589 968 684 1011 mauu
705 948 886 1030 percutiens
909 947 1005 1010 dixit:
1027 939 1131 1036 atain,
1154 948 1237 1042 ,lp
1264 943 1330 1014 tao

217 1068 318 1148 „Hoc
340 1075 389 1128 est
410 1066 524 1128 benum
547 1072 579 1126 et
599 1066 651 1126 lae
673 1062 758 1144 aqua
780 1064 912 1124 mixtum
936 1062 955 1122 i.
976 1082 1006 1123 e.
1028 1062 1081 1124 lrie
1101 1063 1233 1124 maritus
1255 1081 1329 1125 oum

217 1172 313 1236 laetis
336 1173 441 1261 iuopia
461 1172 572 1234 melior
595 1179 647 1233 est
669 1189 765 1253 quam
789 1169 963 1230 Ahmruus.
1006 1170 1044 1230 lu
1068 1169 1330 1233 Samaehseharii

220 1299 316 1360 opere
333 1270 519 1376 paida,
545 1269 609 1342 lma
633 1277 759 1358 legitur.
801 1275 911 1338 Mariti
931 1275 1017 1338 illius
1044 1276 1166 1357 pristini
1193 1296 1332 1358 respon-

218 1419 291 1464 sum
319 1402 350 1462 in
379 1399 540 1481 proverbii
567 1418 661 1462 usum
690 1398 823 1460 veniens
849 1397 891 1460 da
919 1417 959 1460 eo
981 1397 1160 1482 adhibetur,
1183 1401 1236 1481 qui
1258 1419 1328 1462 rem

217 1508 319 1590 petiit,
332 1526 428 1590 quam
439 1525 500 1568 suo
517 1507 764 1568 idtioamiserat.
786 1506 933 1568 Aestatis
944 1514 1052 1568 autam
1069 1514 1214 1588 ternpore
1230 1525 1329 1589 quum

216 1614 271 1677 illa
291 1615 452 1695 maritum,
474 1621 509 1674 ut
530 1613 632 1694 ipsam
655 1611 786 1694 repudio
803 1610 986 1696 dimitteret,
1009 1615 1205 1697 rogavisset,
1228 1615 1329 1677 mari·

218 1731 272 1785 tus
293 1723 428 1785 aestatis
452 1721 670 1800 temporales
692 1739 763 1782 eam
785 1709 934 1783 amisisse
953 1720 1042 1783 dixit.
1074 1722 1221 1784 Mulieris
1244 1740 1330 1803 quo-

218 1852 282 1916 que
303 1831 405 1893 verba
424 1831 582 1913 proverbii
602 1831 675 1891 loeo
697 1829 729 1891 iu
752 1848 823 1892 eum
838 1819 994 1912 dicuntur,
1010 1830 1064 1910 qui
1087 1849 1240 1913 magnum
1264 1847 1330 1891 non

218 1948 392 2004 assecutus
414 1957 520 2020 pauco
543 1946 714 2002 eouteutus
737 1945 801 2000 est.
841 1939 879 2014 ln
898 1939 1033 2001 Kamusi
1059 1958 1157 2020 opere
1177 1938 1330 2021 legimus,

217 2046 378 2127 proverbii
407 2045 537 2128 originis
566 2047 688 2106 ratione
716 2039 845 2128 habita,
880 2047 981 2107 verbo
1016 2045 1155 2107 feminini
1193 2045 1330 2106 vocales

218 2173 346 2236 semper
369 2153 553 2215 tribuendas
575 2172 661 2238 esse,
690 2153 753 2214 etsi
774 2156 851 2234 sint,
883 2153 936 2234 qul
967 2161 1024 2214 aut
1052 2152 1092 2215 de
1120 2171 1182 2214 uno
1206 2161 1260 2214 aut
1290 2151 1333 2214 de

219 2261 366 2342 pluribus
388 2261 590 2340 proverbium
612 2259 753 2322 adhiberi
774 2277 873 2341 posse
885 2268 1007 2339 priterrt.
1050 2259 1188 2321 Maritus
1211 2267 1333 2344 nartem,

222 2367 275 2448 qui
301 2366 450 2427 feminam
465 2365 597 2446 repudio
620 2365 794 2446 dimiserat,
818 2365 860 2426 ibi
875 2365 1215 2445 Musirusappellatur·
1229 2368 1335 2429 Prae·

220 2481 270 2534 ter
300 2471 382 2533 hane
411 2470 543 2532 alteram
578 2471 737 2550 proverbii
771 2472 926 2551 originem
953 2471 1086 2533 Kamusi
1119 2480 1234 2535 auctor
1268 2475 1332 2536 hoe

98 2599 104 2606 ·
220 2579 401 2644 adnotavit:
441 2578 637 2640 Alaswadus
659 2579 721 2640 ben
733 2581 886 2641 -Hormos
907 2581 1070 2642 mulierem
1094 2581 1246 2645 Alahnud
1269 2603 1332 2664 ap-

128 2753 133 2763 ,
221 2689 385 2770 pellatam,
407 2687 534 2749 foedam
550 2687 707 2766 adspectu
728 2687 758 2748 in
775 2687 1008 2750 matrimonium
1024 2687 1171 2772 duxerat,
1195 2688 1333 2752 eteorda

221 2796 253 2858 iu
274 2795 437 2876 pulohram
459 2795 607 2857 inclinato
637 2793 767 2874 repudio
792 2814 863 2857 eam
892 2795 1063 2858 dimiserat.
1107 2797 1230 2858 Postea
1251 2815 1333 2858 vero

228 2875 307 2964 lacti
329 2903 523 2983 poenitentia
538 2909 716 2964 commotus
735 2920 829 2982 quum
844 2902 985 2963 nuntium
1003 2902 1154 2987 mitteret,
1177 2910 1212 2963 ut
1227 2921 1297 2964 eam
1306 2902 1339 2964 in

224 3009 361 3092 gratiam
369 3008 600 3094 reconciliaret,
617 3007 669 3070 his
676 3010 825 3071 versibus
833 3009 947 3070 mulier
963 3010 1172 3090 respondisse
1180 3017 1337 3073 narratur:

299 3181 477 3283 „aas
505 3185 732 3293 Mle-ae
836 3185 1256 3314 zelfae-agar

228 3597 337 3662 „Num
358 3617 410 3662 ma
432 3598 613 3681 deseruisti,
628 3597 743 3679 donee,
766 3617 860 3680 quum
883 3618 945 3681 ego
958 3607 1107 3682 tanquam
1129 3600 1333 3662 lunisamore

271 3723 345 3768 oum
367 3706 439 3768 albo
461 3706 650 3768 coniunctus
674 3723 800 3787 essem,
833 3707 1088 3769 coniunctionem
1109 3716 1252 3770 nostram
1273 3727 1337 3788 pe-

189 3860 195 3872 ..
268 3821 336 3876 tere
357 3807 531 3892 incepisti?
552 3810 700 3874 Aestatis
721 3820 867 3891 tempore
892 3815 944 3878 lae
965 3814 1153 3895 perditisti.e

311 3952 477 4016 Versuum
498 3960 635 4015 metrum
659 3951 763 4016 Camil
786 3962 848 4016 est.
871 3972 898 4020 e.
920 3957 1002 4026 l..m.
1025 3976 1056 4037 p.
1078 3957 1150 4020 21&
