3024 4912
645 351 875 414 ..452-

292 543 449 624 Narrant,
478 538 562 602 dnos
591 535 815 602 adolescentes
846 549 918 597 cunr
945 531 1211 618 Aimostanghiro
1233 531 1317 596 ben·

206 648 332 714 nebien
353 645 548 710 consedisse.
595 646 700 708 Unum
730 659 840 704 eorum
860 640 970 718 alteri,
993 639 1045 702 oui
1066 658 1182 703 nomen
1203 639 1317 702 Ahmir

207 765 312 837 esset,
324 755 461 818 dixisse:
476 755 549 836 Ego
557 751 598 815 ad
607 769 739 814 uxorem
750 747 1004 830 Almostaughiri
1017 766 1057 808 eo
1065 790 1078 830 ,
1089 748 1119 808 si
1128 725 1238 809 auteur
1245 747 1317 826 ipse

187 863 314 944 -snrgit
342 860 471 922 domum
501 859 681 932 rediturus,
702 873 787 918 voce
809 863 866 918 tue
887 853 963 916 mihi
984 854 1114 936 siguum
1139 847 1209 918 iaci
1252 856 1317 918 Al·

158 942 161 958 ·
206 968 460 1052 mostaughirum
488 974 596 1029 autern
633 965 807 1026 intentione
844 962 974 1044 cognita
1007 981 1101 1045 eum,
1144 963 1316 1045 quominus

207 1077 372 1154 clamaret,
402 1070 628 1154 impedivisse,
651 1079 686 1133 et
713 1071 745 1131 in
780 1087 871 1132 suam
903 1067 1030 1130 domum
1062 1067 1206 1131 duxisse.

248 1181 354 1262 Quum
376 1179 418 1241 ibi
438 1179 482 1242 nil
504 1177 577 1241 maii
597 1177 747 1259 vidisset,
759 1176 790 1236 in
810 1175 905 1236 huius
921 1173 1052 1237 domum
1068 1172 1225 1256 cumipso
1239 1193 1315 1238 eum

206 1287 400 1369 perrexisse,
422 1285 475 1346 ubi
493 1282 732 1347 adolescentem
763 1281 849 1342 illum
875 1278 962 1363 apud
988 1298 1123 1342 uxorem
1146 1279 1315 1344 inveniret.

206 1394 339 1458 Dixisse
366 1399 433 1453 tum
460 1387 779 1470 Almostheughirunt
805 1384 870 1448 iste
895 1384 1054 1467 proverbii
1081 1385 1204 1469 verba,
1231 1403 1315 1466 qnae

205 1503 239 1563 in
259 1518 332 1561 eum
361 1494 564 1570 adhibentur,
591 1495 643 1576 qui
678 1501 709 1554 te
744 1491 893 1572 decipere
921 1491 1018 1573 cupit,
1038 1492 1197 1573 quomodo
1218 1493 1314 1556 alium

206 1606 342 1687 decepit.
384 1605 421 1666 iu
448 1601 559 1666 codice
579 1603 680 1666 Paris.
698 1610 732 1666 et
759 1600 865 1664 Berol.
893 1599 1002 1672 &tn
1024 1601 1102 1686 „Te
1122 1602 1155 1666 in
1174 1619 1313 1666 errorem

205 1725 386 1796 inducens“
408 1729 533 1812 legitur.

607 1951 792 2110 Μ
862 1963 917 2052 ru

209 2150 293 2234 149.
344 2150 480 2226 institit
503 2164 540 2224 et
565 2163 645 2224 tum
670 2146 854 2250 litigando
880 2146 982 2223 ricitss

289 2318 416 2380 Sensus
445 2325 513 2378 est:
557 2314 694 2392 Quidam
723 2333 798 2377 oum
832 2313 1018 2378 edversario
1052 2313 1183 2398 litigans
1213 2331 1312 2397 qunnr

204 2431 430 2504 perseveraret
451 2431 484 2484 et
496 2420 715 2484 adversarium
732 2431 878 2504 urgeret,
892 2441 930 2486 eo
944 2423 1102 2505 pervenit,
1113 2431 1148 2485 ut
1157 2422 1312 2506 litigando

205 2549 278 2592 enm
312 2530 466 2592 vinceret.
510 2530 573 2592 Alii
606 2538 715 2592 autem
742 2529 851 2591 verbis
882 2530 968 2593 hunc
993 2550 1124 2594 sensum
1152 2531 1312 2596 tribuuntz

84 2653 94 2676 ⁶
204 2637 264 2710 Vir
286 2637 424 2722 quidam,
448 2637 501 2718 qui
521 2638 581 2698 iter
600 2637 747 2699 facturus
770 2627 864 2698 domo
886 2638 1010 2700 exierat
1016 2638 1081 2722 ‚in
1101 2638 1165 2699 isto
1186 2637 1310 2723 itinere,

203 2743 279 2808 licet
305 2745 572 2827 peregrinationis
593 2759 709 2806 sacrae
739 2742 943 2804 intentionem
965 2763 1029 2805 non
1049 2743 1192 2824 haberet,
1212 2745 1312 2807 Mec-

203 2868 277 2913 cem
298 2850 489 2931 perveniens
507 2848 772 2928 peregrinationis
791 2848 885 2910 ritum
907 2850 1058 2932 absolvit,
1080 2859 1116 2913 ut
1136 2849 1310 2914 dicereturr

201 2954 431 3018 Perseveravit
458 2953 490 3012 in
517 2952 629 3026 itinere
649 2951 816 3034 iaciendo,
847 2961 892 3016 et.
908 2955 1014 3035 ipsum
1043 2955 1309 3038 peregrinationis

201 3079 317 3126 sacrae
362 3062 453 3121 ritum
489 3057 639 3124 absolvit.
687 3060 777 3122 Dixit
810 3060 1090 3125 Abu-Obbaidus
1103 3065 1309 3143 proverbium

202 3169 400 3250 significare,
430 3165 536 3228 virum
562 3167 805 3247 perseverando
833 3168 876 3232 ad
896 3187 964 3230 rem
981 3170 1188 3254 pervenisse,
1212 3189 1307 3252 quam

201 3277 263 3340 sibi
293 3295 355 3336 oon
377 3274 609 3356 proposuisset.
653 3275 742 3338 idem
764 3276 854 3362 dixit,
879 3275 1082 3355 proverbium
1104 3277 1146 3340 de
1167 3277 1309 3342 difficul-

201 3391 268 3446 tate
297 3389 430 3446 naturee
458 3384 594 3446 hominis
625 3393 658 3446 et
678 3385 854 3465 pertinacia
879 3383 1030 3446 adhiberi.
1071 3386 1118 3448 At
1137 3405 1218 3449 vero
1240 3389 1311 3452 Sa·

199 3488 440 3553 machscharius
461 3488 550 3573 dixit,
572 3490 776 3571 proverbium
798 3489 839 3551 de
867 3508 907 3552 eo
928 3489 1082 3576 adhiberi,
1104 3491 1158 3574 oui
1178 3509 1309 3576 semper

201 3595 340 3678 petendo
359 3617 427 3662 rem
449 3606 650 3681 assequatur.

204 3991 284 4104 1¹50.
338 4029 393 4100 Te
421 4029 460 4125 (o
485 4025 640 4117 mulier)
667 4050 744 4098 non
769 4026 993 4129 fugit(res),
1035 4029 1145 4106 udser
1171 4035 1304 4136 igitur!

282 4169 410 4232 idest:
436 4167 536 4250 Rern,
559 4182 653 4247 quam
675 4169 777 4250 petis,
805 4171 936 4253 assequi
965 4181 1077 4255 potes,
1115 4193 1182 4238 rem
1208 4173 1307 4258 igitur

201 4288 288 4342 tuam
325 4268 407 4360 agei
452 4275 593 4336 Narrant
624 4272 743 4355 virum,
784 4277 838 4357 qui
868 4279 989 4341 absens
1019 4298 1040 4341 a
1069 4282 1140 4343 suis
1174 4281 1305 4364 finisset,
