2942 4936
235 488 297 553 eibi
316 486 489 570 participes
514 494 634 570 essem,
657 485 709 548 ille
743 482 903 546 invitavit
945 483 1091 563 Uterque
1118 479 1251 546 alterins
1278 477 1348 542 do-

233 598 299 660 lnm
320 596 437 658 timens
456 613 519 656 uuo
541 591 718 674 eodemque
739 598 900 654 momento
920 589 961 652 ab
985 607 1067 671 equo
1095 587 1211 650 desiliit
1239 595 1272 648 et
1300 585 1347 649 ad

235 703 342 766 eibum
362 701 515 765 sooessit.
541 699 673 762 -Cihum
693 708 866 779 potumque
890 716 986 779 quum
1009 696 1221 780 sumsissent,
1249 695 1350 756 aoei-

235 810 292 894 dit,
316 818 353 870 ut
373 809 413 871 ob
435 828 503 870 rem
528 807 590 890 ipsi
618 809 803 870 necessario
831 803 1048 887 peragendam
1075 803 1282 866 Alaehnasus
1309 801 1347 864 in

198 989 199 996 p
235 918 321 978 latus
342 914 497 978 secedere
519 921 700 997 cogeretur,
742 911 885 975 Rediens
905 911 1107 974 Laohmitam
1129 909 1159 971 in
1184 908 1349 990 sangnine

236 1041 275 1085 se
293 1023 492 1085 volutantem
521 1021 650 1082 inuenit
695 1018 792 1097 Quod
817 1017 934 1079 videns
963 1017 1169 1079 Alaohnasus
1200 1013 1346 1098 gladium

236 1127 378 1207 doeens,
405 1127 487 1189 alter
520 1127 604 1188 enim
635 1142 763 1206 quoque
790 1122 934 1206 gladium
962 1123 1170 1204 evaginatum
1202 1122 1346 1205 tenebat,

236 1233 333 1296 dixit:
353 1234 450 1298 Vaelr
471 1226 541 1296 tibil
565 1234 615 1294 'l'u
635 1231 739 1292 virum
761 1229 919 1314 occidisti,
940 1229 1163 1318 euius'oiburn
1184 1235 1216 1289 et
1232 1236 1347 1308 potum

237 1359 468 1404 numeramus.
510 1338 604 1401 Alter
624 1346 749 1400 autem:
781 1336 882 1419 Sede,
905 1337 1003 1418 dixit,
1025 1354 1099 1396 nam
1112 1343 1158 1397 ut
1178 1336 1259 1396 tales
1289 1351 1347 1394 res

237 1465 483 1529 perageremus,
505 1443 676 1506 exivimus.
719 1443 836 1522 Aliquo
863 1450 1008 1523 tempore
1036 1448 1110 1520 post
1142 1439 1346 1505 Alhozuinus

237 1551 332 1615 dixit:
354 1553 443 1614 Num
464 1551 550 1633 sois,
579 1549 652 1632 quid
673 1551 756 1618 alan
778 1558 810 1612 et
832 1553 910 1632 Am
931 1543 1029 1627 siti')
1051 1547 1143 1610 Alter
1164 1547 1348 1630 respondit:

238 1677 338 1738 Nune
358 1681 411 1736 est
430 1681 559 1752 tempus
581 1672 695 1736 edendi
718 1681 751 1734 et
770 1673 907 1735 bibendi.
948 1672 1150 1736 Alhozainus
1172 1680 1278 1734 autern
1296 1671 1349 1758 ⁸l·

238 1781 323 1860 lens,
344 1779 448 1842 donee
468 1779 553 1841 illurn
575 1779 704 1841 oblitum
726 1798 812 1862 esse,
835 1778 909 1860 quid
929 1778 1000 1842 istis
1015 1777 1123 1840 vomis
1138 1777 1346 1860 significare-

237 1894 303 1969 tur,
324 1894 462 1968 putaret,
483 1886 704 1970 interrogavit,
727 1904 803 1946 num
825 1903 867 1945 ex
887 1885 1003 1946 avibus
1032 1883 1207 1946 hariolandi
1233 1884 1347 1945 soien-

238 1993 303 2054 tiao
324 2009 444 2074 gnarus
466 2000 568 2075 esset,
590 2000 635 2073 et,
658 2011 756 2074 quum
778 1991 858 2053 alter
878 1975 1012 2074 diceret,
1036 1989 1110 2066 qnid
1125 1985 1202 2052 eati
1230 1991 1345 2051 iterum
1449 1979 1450 2000 *

238 2099 461 2181 interrogavit,
484 2099 559 2180 quid
578 2097 630 2161 illa
651 2099 756 2180 aquila
778 2099 939 2179 ossifraga
958 2091 1183 2179 significaret?
1205 2095 1346 2176 Djehai-
1449 2093 1450 2112 ²

239 2206 306 2268 nita
326 2213 434 2267 autem
458 2204 547 2286 dixit,
570 2206 624 2267 ubi
645 2225 716 2268 eam
738 2203 856 2270 vides?
878 2205 969 2267 Alter
992 2205 1080 2267 dixit:
1102 2205 1197 2266 Haeo
1219 2213 1287 2288 est,
1309 2214 1344 2267 et

240 2328 278 2372 se
300 2312 442 2374 extendit
459 2320 493 2372 ot
514 2311 546 2372 in
567 2312 691 2372 eoelum
714 2320 813 2392 eaput
833 2313 945 2374 erexit.
988 2313 1093 2376 Huius
1115 2312 1266 2374 momenti
1284 2329 1346 2374 oo·

240 2418 403 2478 easionem
426 2425 560 2496 captans
576 2417 761 2497 Djehainita
783 2419 853 2481 eius
884 2419 1028 2499 iugulum
1052 2418 1161 2501 gladio
1182 2420 1350 2500 percussit

241 2522 367 2584 dicens:
387 2523 461 2604 ligo
482 2541 555 2586 sum
576 2524 717 2586 hariolus
740 2533 774 2585 et
794 2525 952 2606 iugulans.
969 2527 1051 2588 'l'um
1073 2527 1178 2588 omitia
1199 2527 1348 2590 utensilia

240 2647 352 2691 seeum
381 2631 533 2692 auferens
567 2629 610 2694 ad
639 2640 769 2712 gentem
797 2648 890 2692 suunt
915 2631 975 2693 iter
1003 2631 1128 2698 direxit
1173 2633 1348 2696 Transiens

243 2745 352 2800 autem
372 2736 416 2800 ad
437 2737 516 2800 duas
539 2739 652 2820 tribus,
675 2736 811 2800 adlisis
833 2740 1039 2821 pertinentes,
1054 2739 1178 2819 Meradj
1204 2741 1254 2819 (in
1274 2760 1347 2804 meo

240 2844 351 2914 eodice
373 2855 440 2956 clf
465 2843 581 2908 Merah
595 2845 664 2925 est)
695 2855 728 2910 et
747 2846 869 2909 Anmar
887 2848 1064 2928 appellatas
1086 2849 1237 2910 seminam
1265 2848 1347 2911 vidit

240 2967 452 3028 Alhozaiuum
501 2967 721 3028 ben-Sobaih
755 2978 1067 3031 commemorantem.
1121 2971 1347 3052 interroganti,

166 3135 171 3138 .
241 3091 398 3156 quaenam
412 3069 528 3135 esset‘i
550 3075 727 3158 respondit,
751 3094 789 3137 se
799 3075 1105 3138 ZahrahAlhozaini
1121 3096 1253 3139 uxorem
1263 3095 1349 3140 esse.

117 3257 125 3270 Ι
239 3165 457 3260 Aldjohainita
504 3198 541 3241 so
595 3201 667 3242 eum
715 3182 896 3264 occidisse,
967 3182 1054 3244 dixit
1115 3182 1173 3268 llla
1227 3191 1346 3266 autem,

240 3286 393 3348 mentitus
416 3304 465 3368 es,
487 3286 577 3368 dixit,
599 3306 673 3349 uam
701 3289 745 3349 tui
775 3289 887 3350 similis
918 3289 1167 3370 talem„qualis
1195 3291 1246 3352 ille
1283 3297 1347 3371 est,

241 3390 391 3453 ooeidere
412 3412 475 3453 non
495 3401 620 3475 potest,
662 3393 721 3456 sod
741 3395 802 3458 nisi
823 3415 909 3478 gens
932 3396 1051 3458 absens
1073 3406 1184 3481 osset,
1228 3405 1264 3457 tu
1285 3401 1349 3460 hoe

170 3551 202 3595 ·.
241 3498 350 3561 dioere
371 3515 439 3561 non
467 3519 565 3562 ausus
592 3519 695 3564 esses.
739 3503 823 3565 'l'um
858 3501 900 3564 ad
934 3512 1066 3585 gentem
1093 3521 1188 3565 suam
1218 3503 1346 3565 rediens

243 3603 344 3670 hosce
366 3607 445 3671 dixit
465 3626 602 3670 versus:
1145 3617 1148 3624 ’
1189 3615 1195 3621 ’

326 3761 1289 3917 ἐιῶῗῧᾈῧυὲῑὲἕιεὲῗψρῗῖἆπέὦᾶἷῖἓ’

241 4069 487 4083 W

258 4215 372 4284 1)ουΙά
389 4220 456 4272 haee
477 4223 561 4276 verba
578 4226 629 4278 too
646 4227 672 4278 in
689 4228 752 4280 loeo
769 4229 932 4298 significent,
950 4244 1005 4284 non
1024 4234 1113 4286 rideo.
1199 4219 1211 4232 “
