2990 4916
715 281 945 378 ’,ως

345 515 523 582 Adhibetur
556 503 759 592 proverbium
795 501 826 562 in
856 492 1076 560 custodiendis
1112 489 1243 554 iuribus.
1287 487 1398 552 conf.

267 1063 350 1133 405.
403 1055 457 1129 Ne
483 1078 562 1124 rem
589 1045 761 1133 irrideas,
788 1067 876 1114 nam
902 1053 1036 1112 contra
1062 1053 1099 1110 te
1115 1035 1273 1112 redibit!

329 1193 423 1275 Quod
445 1193 475 1254 ui
495 1209 563 1252 rem
586 1187 711 1268 irrides,
731 1181 800 1244 fieri
820 1186 940 1260 potest,
965 1185 999 1239 ut
1020 1177 1052 1238 in
1073 1176 1208 1238 eundem
1229 1174 1385 1252 incidas,

174 1317 183 1326 ‘
268 1303 301 1365 id
325 1299 412 1383 quod
434 1306 466 1359 ct
487 1295 543 1357 tibi
566 1291 695 1356 ludibrio
718 1289 786 1350 erit.

380 1471 495 1591 Q
532 1457 641 1626 Q
765 1451 884 1618 Q
920 1447 1123 1626 QQQ
1192 1489 1252 1576 o

270 1681 355 1752 406.
405 1673 459 1746 Ne
473 1665 599 1743 sellem
617 1682 720 1739 tuem
732 1665 901 1763 imponat
919 1661 962 1747 is,
980 1660 1046 1758 qui
1064 1675 1190 1731 tecum
1207 1685 1285 1732 non
1306 1667 1380 1734 est!

239 1841 247 1852 ’
354 1821 518 1886 Auxilium
540 1816 613 1896 viri,
638 1813 693 1895 qui
713 1807 830 1874 flduoii
849 1807 908 1870 tud
928 1806 1077 1890 indiguus
1101 1813 1165 1887 ost,
1194 1825 1235 1867 ue
1257 1795 1382 1888 implo-

273 1933 341 1995 res!
383 1929 476 1989 Alter
497 1920 657 2005 proverbii
674 1915 805 1999 legendi
824 1913 940 1976 modus
958 1920 1026 1974 est:
1047 1913 1174 2008 μμ
1199 1913 1380 1995 „N0111m.

273 2037 385 2130 ponit“
405 2040 483 2120 (Sic
505 2034 588 2118 apud
611 2027 906 2109 scherzii-didio),
934 2036 970 2088 ut
992 2027 1151 2106 proverbii
1179 2045 1299 2092 sensus
1324 2031 1380 2092 sit.

275 2153 338 2234 Qui
362 2148 486 2212 amicus
507 2153 581 2206 tuus
601 2161 664 2204 non
685 2146 750 2221 est,
772 2135 801 2198 is
821 2135 970 2198 auxiium
994 2133 1049 2195 tibi
1068 2153 1132 2196 non
1153 2135 1244 2196 feret.

502 2281 1171 2493 ῶῷψῷιω

276 2586 359 2658 407.
414 2580 457 2652 ln
481 2575 554 2652 hoc
582 2572 712 2650 cameli
744 2595 822 2644 non
849 2567 1095 2642 decumbunt.

358 2715 427 2778 Res
447 2709 649 2792 tamtgravis
671 2715 705 2770 et
725 2698 863 2768 molesta
892 2711 962 2784 ost,
1003 2711 1039 2766 ut
1067 2721 1139 2768 eom
1168 2724 1262 2768 nomo
1291 2705 1376 2769 ferre

276 2819 391 2900 possit.
893 2821 897 2826 ’

627 2965 645 2986 ³
693 2955 738 2989 ³0
813 2955 902 2992 'A'
945 2969 965 2990 a

547 2983 968 3148 0440μοᾖο
1040 3000 1107 3087 i‘Q

276 3191 360 3312 408.
413 3231 499 3305 Non
524 3228 751 3329 relinquitur
778 3232 835 3303 vir
860 3227 986 3304 similis
1012 3225 1160 3302 Malico.

360 3375 460 3448 Mulio
481 3383 541 3445 viri
562 3401 677 3443 nomeu
695 3389 776 3460 erat,
801 3385 894 3446 cuiun
917 3380 1109 3443 consortium
1136 3377 1226 3440 multi
1247 3375 1370 3439 deiide-

276 3494 397 3556 rabant.
440 3490 651 3553 Proverbium
672 3487 776 3552 hocce
805 3489 928 3551 noumisi
956 3487 988 3548 in
1016 3485 1181 3549 codicibus
1210 3483 1312 3546 Berol.
1340 3489 1371 3543 et

278 3603 356 3663 Poc.
378 3598 503 3680 iegitur.

599 3733 1053 3890 Qffiwffl

278 3947 362 4020 409.
414 3940 545 4040 Neque
572 3937 640 4026 Ha,
666 3962 790 4038 neque
816 3936 864 4008 Su
892 3935 1001 4011 dixit.

340 4093 378 4154 Id
400 4099 466 4152 est:
493 4091 610 4170 Neque
631 4088 724 4151 iussit
744 4108 848 4170 neque
869 4089 1040 4152 interdixit.
1062 4087 1151 4150 Dixit
1172 4083 1366 4182 Abu-Ahm-

210 4193 217 4200 “
263 4209 370 4263 ¹rous:
392 4197 499 4278 ditm
525 4198 590 4262 st>
622 4195 741 4280 „Oves
762 4203 836 4258 tuas
858 4188 1028 4260 advocei“
1050 4205 1083 4258 et
1104 4193 1232 4257 dicitur:
1262 4186 1369 4260 winda
