2990 4920
560 345 787 411 ..145-

197 559 410 624 Proverbinm
439 556 562 616 nonnisi
584 555 615 615 in
636 555 799 618 codicibus
821 555 925 616 Berol.
948 563 981 616 ot
1001 553 1143 616 Pooock.
1166 555 1216 614 le·
1302 622 1305 628 ¹

116 669 218 749 gitur3
241 665 299 727 serl
322 664 471 726 conferes
494 661 582 742 (3.1,
614 661 682 723 164.
724 661 930 722 Alazmailrus
958 659 1053 741 dixit,
1089 651 1243 722 Arabes‘

115 775 189 837 inde
211 773 252 834 (le
273 769 471 851 imprudente
499 769 608 830 dicore
629 771 748 831 solere:
782 769 898 831 Nescit
919 769 1001 829 bene
1023 767 1119 828 edere
1142 749 1225 826 car-⁴

115 899 188 943 nem
206 878 362 957 scapulae
383 878 444 947 (ita
474 881 507 936 ut
535 875 586 946 ius
614 877 733 956 pingue
761 893 823 935 non
856 873 1003 952 defluat).
1030 872 1218 934 Hamsalrus

114 985 179 1048 hoc
200 994 233 1047 et
252 981 450 1065 praecedens
471 979 677 1062 proverbium
697 981 757 1042 suh
787 980 888 1042 forma
917 979 1128 1060 comparativi
1156 978 1218 1041 ad-

115 1092 217 1173 duxit,
240 1090 300 1153 sed
321 1109 417 1170 quum
437 1096 594 1168 sequente
613 1085 929 1168 praepositionem
950 1102 1031 1163 quae
1046 1101 1217 1162 compara-

114 1221 172 1283 tivi
195 1220 327 1280 formam
350 1215 503 1297 seqnitur,
527 1212 681 1274 destituta
707 1211 787 1287 sint,
809 1208 866 1269 vix
889 1207 976 1268 illum·
986 1209 1089 1268 locum
1114 1224 1216 1274 occu-

118 1345 194 1408 pare
216 1333 360 1408 possunt.

388 2225 573 2294 Forma
606 2207 949 2312 comparativi.

631 2511 699 2528 -ἣι

349 2735 836 2946 uteie&
911 2808 950 2887 o

114 3040 199 3110 211.
253 3036 458 3120 Potentior‚
486 3059 598 3132 quiam
625 3033 801 3134 Colaibus
829 3036 956 3134 Wajil.

197 3182 325 3244 Nomen
347 3182 419 3262 viri,
449 3189 594 3259 tempore
624 3199 683 3242 suo
713 3182 822 3260 gentis
850 3181 976 3244 Rabiah
1006 3184 1156 3265 principis
1185 3155 1218 3248 el
1287 3241 1291 3246 .

114 3288 207 3351 ducis
231 3289 369 3350 «omnium
389 3288 614 3365 Nineuitarum,
637 3285 741 3365 Wejil
762 3287 982 3354 ben-Rabiah
1012 3293 1217 3356 ben-Allia-

116 3393 174 3456 rits
196 3402 271 3456 eret.
297 3394 400 3456 'lanta
422 3403 530 3455 autern
552 3391 695 3471 potentia
717 3401 799 3474 erat,
820 3402 856 3456 ut
877 3397 906 3456 si
928 3405 1018 3475 prato
1032 3399 1217 3462 interdixis-

115 3510 180 3577 set,
203 3520 296 3563 nemo
319 3499 358 3562 ad
380 3499 412 3560 id
434 3497 615 3582 accederet,
637 3508 692 3560 aut
713 3498 741 3560 si
769 3499 870 3562 feram
899 3503 931 3563 in
961 3504 1093 3566 tutelam
1121 3525 1217 3568 rece-

115 3611 344 3696 pissetpnemo
368 3625 438 3667 eam
460 3615 643 3671 venaretur.
685 3608 721 3666 ln
751 3613 843 3685 preto
873 3614 928 3667 aut
955 3605 996 3667 ed
1024 3626 1126 3687 aquae
1162 3631 1217 3672 re-

117 3717 326 3797 ceptaculum,
351 3701 434 3796 q'uod
455 3712 516 3792 ipsi
535 3713 689 3792 placeret,
710 3713 888 3775 caniculam
915 3716 1089 3777 mutilatam
1118 3717 1217 3780 relin-

118 3839 217 3902 quere
236 3821 372 3901 eolebet,
394 3819 484 3881 cuius
508 3819 615 3881 balatu
637 3837 748 3881 omnes
768 3829 979 3882 monerentur.
1012 3819 1086 3898 Quo
1108 3831 1216 3886 eutem

118 3915 244 3990 balalus
264 3944 333 3988 vox
354 3925 575 4008 pertingebat,
597 3925 639 3987 ibi
660 3925 701 3986 ab
723 3926 793 3987 aliis
815 3945 878 3986 non
899 3925 1081 3988 violandum
1110 3927 1216 3991 locum

115 4053 191 4100 esse
213 4033 373 4115 putebant.
397 4033 501 4096 Huius
534 4033 700 4095 caniculae
729 4050 831 4095 causa
852 4031 999 4112 Wajilus
1036 4050 1215 4118 cognomen

116 4143 212 4231 aa&
235 4138 347 4204 Colaib
360 4137 539 4218 (canicula)
561 4139 695 4219 accepit.
739 4139 845 4201 Tanta
866 4155 993 4220 quoque
1016 4139 1090 4238 eius⁸
1108 4139 1215 4224 digni-

116 4277 168 4332 tas
189 4273 270 4350 orat,
292 4272 328 4325 ut
349 4280 444 4326 nemo
465 4260 505 4325 ad
526 4278 640 4340 equam
661 4261 722 4324 nisi
742 4263 833 4326 iussu
856 4266 927 4324 eius
948 4263 1057 4340 ipsum
1076 4282 1214 4345 praece.

950 4429 996 4500 lo
