3038 4906
686 296 915 360 -bfflv-

844 405 847 416 l

248 483 431 564 stringeret,
454 482 519 542 ista
539 498 621 563 gens
643 479 672 540 ei
693 477 787 540 dixit:
810 479 977 541 Pessimus
1000 488 1035 542 tu
1058 487 1170 543 noster
1193 489 1355 562 cognatus

249 607 304 670 es,
334 588 408 650 dum
432 588 515 650 enim
536 588 589 648 ille
611 586 803 647 adolescens
825 585 979 646 honorem
1001 595 1146 650 nostrum
1177 586 1292 668 laedit,
1322 596 1357 650 tu

249 695 356 776 gentis
378 695 501 756 'l'amim
523 701 621 774 poeta
642 692 790 753 auxilium
813 691 904 752 nobis
927 709 989 752 non
1012 693 1088 754 fers.
1121 694 1223 753 Hisce
1244 693 1355 754 verbis

251 811 431 862 commotus
464 801 642 860 Hocaimns
680 815 752 859 cum
793 795 919 877 Djeriro
948 807 1109 860 certamen
1146 800 1356 879 ingressurus

251 925 325 968 cum
347 914 445 986 gente
466 904 684 967 Banu-Salith
708 904 793 964 viam
816 903 985 984 ingressus
1008 913 1088 987 erat,
1111 924 1208 986 quum
1230 908 1355 967 nonnisi

249 1033 350 1095 parvo
372 1022 477 1074 terrae
499 1014 581 1074 colle
602 1012 642 1073 ab
668 1029 707 1072 eo
730 1018 901 1090 separatus
921 1010 1028 1070 subito
1057 1009 1244 1094 recederet,
1275 1011 1357 1092 Dje-

249 1122 344 1182 rirnm
367 1121 449 1180 onim
470 1120 555 1181 huuc
579 1135 710 1178 versum
728 1117 923 1176 recitantem
944 1115 1128 1177 audiverat.

313 1232 814 1374 aestuabo&
865 1247 975 1352 aa
956 1237 1295 1372 aupfftor

196 1451 198 1458 '
254 1447 354 1527 „Non
375 1463 413 1506 se
434 1445 572 1507 abstinet
603 1441 775 1504 acamelis
807 1419 869 1504 non
904 1443 1158 1523 concipientibus
1188 1453 1221 1504 ot
1257 1463 1356 1524 prae-

292 1552 475 1634 gnantibus,
498 1568 581 1630 quae
603 1559 713 1611 scrota
735 1551 953 1613 testiculorum
979 1559 1128 1630 tauquam
1150 1550 1356 1614 tintinnabula

294 1654 510 1739 relinquunt.“

333 1759 473 1820 Mettum
496 1753 619 1834 lledjes
642 1765 702 1815 est.
726 1775 756 1835 p.
778 1754 851 1818 231.

313 1872 456 1954 Roganti
470 1878 577 1932 autem
594 1869 683 1951 genti
698 1867 809 1930 dixit.⁴‘
823 1873 891 1932 lam
904 1873 1071 1934 testiculos
1082 1881 1233 1953 tanquam
1247 1872 1357 1934 tintin-

249 1982 366 2044 nabula
387 1980 499 2062 movit,
522 1985 554 2040 ct
582 1997 644 2040 non
670 1996 723 2039 ero
748 1979 886 2061 primus„
908 1981 962 2061 qui
989 1981 1059 2041 eius
1087 1982 1261 2042 colostrum
1296 2001 1358 2042 ex-

249 2097 357 2172 sugat.
380 2089 461 2148 'l'um
476 2086 633 2171 recedens
651 2086 743 2147 dixit:
765 2088 939 2186 σαβὼ
964 2085 984 2152 t
1010 2089 1063 2154 abt
1090 2092 1134 2188 ‘ql
1159 2090 1357 2170 „PerDeum

249 2209 336 2278 iurol
380 2217 434 2276 Ne
467 2234 518 2276 me
549 2211 642 2274 bodie
669 2213 754 2274 sicut
775 2213 1015 2276 tintinnabulum
1036 2207 1216 2278 moveas!“
1260 2216 1355 2294 Quae

138 2311 142 2319 ¹
250 2327 351 2385 verba
373 2324 403 2383 iu
425 2321 585 2401 proverbii
606 2321 869 2384 consuetudinem
892 2332 1057 2383 venerunt.
1089 2324 1256 2386 Proverbii
1276 2343 1347 2386 sen·

176 2505 189 2514 .
250 2448 308 2491 sus
331 2438 397 2491 est:
420 2431 495 2489 Non
516 2434 649 2508 satyrae
671 2446 723 2488 me
748 2447 916 2508 exponam.

190 2617 196 2626 ’
310 2597 406 2751 3·ᾍῇ
444 2583 561 2753 {le
588 2585 835 2716 »ΜΒ
873 2599 951 2716 aa
986 2574 1144 2733 §tlt
1216 2636 1285 2715 rot

252 2839 335 2906 376.
387 2831 472 2903 Non
501 2824 573 2904 hoc
607 2833 762 2918 faciam,
804 2833 985 2932 quamdiu
1020 2832 1125 2904 lactis
1160 2833 1293 2904 ell'usio
1320 2849 1354 2904 et

386 2980 519 3027 rumen
548 2953 693 3028 diversa
721 2975 819 3028 stant.

291 3075 296 3082 ²
333 3090 403 3150 lrac
426 3079 467 3149 ex
488 3091 633 3151 mammis
656 3090 784 3172 decidit,
810 3112 918 3155 rumen
941 3100 1047 3156 autem
1069 3093 1100 3150 in
1122 3092 1222 3151 altum
1244 3090 1352 3170 surgit.

252 3195 542 3258 Samachscharius
565 3199 767 3279 proverbium
791 3200 840 3260 sic
862 3198 1043 3261 adnotavit:
1072 3198 1193 3269 *ilasi
1207 3201 1313 3280 [μμ
1338 3197 1355 3258 l

253 3321 350 3414 aab,
376 3303 439 3422 agl

252 3729 337 3830 377.
392 3724 475 3794 Non
496 3741 555 3804 ¹est
581 3751 639 3796 res
664 3722 851 3797 custodita
877 3751 897 3793 a
924 3722 1154 3797 venditione.

334 3856 371 3916 ld
393 3867 459 3918 est:
502 3858 598 3920 Nulla
618 3877 672 3919 res
694 3858 738 3918 ita
761 3858 924 3920 custodita
945 3856 1029 3938 apud
1052 3877 1103 3918 me
1125 3865 1190 3936 est,
1215 3863 1250 3916 ut
1273 3871 1358 3934 earu,

252 3963 281 4022 si
301 3963 436 4041 pretium
456 3963 527 4025 cius
550 3966 673 4043 solvas,
707 3964 763 4026 tibi
790 3984 853 4025 non
882 3964 1030 4029 vendam.
1075 3963 1253 4024 Adhibetur
1284 3977 1363 4041 pro-

252 4068 396 4131 verbium
418 4071 448 4130 in
470 4068 630 4132 servanda
649 4078 681 4131 et
713 4071 875 4153 parcenda
905 4055 973 4152 re‚'
1003 4070 1094 4131 cuius
1131 4069 1267 4150 pretium
1296 4085 1358 4127 non

254 4173 352 4234 ‹latna
397 4175 643 4239 Samaohscbar.
689 4178 855 4254 Homines,
889 4175 1015 4258 quando
1049 4177 1132 4238 omni
1161 4176 1237 4236 viae
1269 4189 1361 4234 com·
