2950 4908
581 355 622 374 *-
664 325 809 389 ⁷87-

130 502 278 586 „Habito
292 502 376 584 apud
386 497 561 586 agasonem
575 505 775 586 Plejedum¹J
787 516 820 570 et
834 508 919 588 apud
938 525 992 571 cor
1007 523 1054 572 sc.
1074 526 1129 572 cor
1144 525 1238 570 scor·

176 611 281 691 pionis
303 611 505 687 ardentis.²)“

214 725 340 787 Arabes
363 726 489 810 dicunt,·
502 729 598 792 stella
620 731 703 792 oculi
724 733 806 793 tauri
836 750 930 812 quum
953 733 984 793 iu
1003 732 1235 794 matrimonium

72 884 76 895 ,
131 832 277 912 petiisset
298 832 464 915 Plcjades,
486 834 591 898 lunam
610 836 683 900 illes
713 835 746 899 ei'
769 837 800 900 in
821 839 1054 902 matrimonium
1075 838 1151 899 dare
1171 856 1236 899 vo-

130 939 244 1020 luisse,
265 939 335 1002 illas
358 947 464 1001 autem
486 943 631 1004 renuisse
652 952 685 1004 et
706 946 941 1008 retrocessisse
964 945 1123 1006 dicentes:
1147 942 1234 1021 Quid

131 1063 202 1108 cum
225 1045 288 1108 lroe
307 1064 458 1128 paupere,
481 1049 531 1110 cui
553 1067 632 1129 opes
661 1070 725 1112 nou
747 1061 841 1130 sunt,
868 1049 1029 1115 lecimus?
1072 1035 1228 1130 llanc‘ob

131 1169 263 1214 eausam
283 1153 408 1215 stellam
430 1155 512 1216 oculi
532 1157 614 1217 tauri
633 1158 776 1220 camelas
807 1159 962 1220 iuvencas
993 1176 1070 1220 suas
1099 1155 1229 1247 (valli)

132 1271 235 1352 (conl.
260 1273 364 1337 ldeler
391 1296 422 1358 p.
460 1276 540 1354 137,
578 1278 664 1358 tte.)
701 1298 941 1364 congregasse,
977 1289 1011 1342 ut
1039 1299 1076 1342 se
1106 1280 1237 1368 divitem

131 1398 208 1441 esse
224 1381 418 1481 ostenderet,
441 1384 513 1446 dum
542 1404 599 1448 eas
631 1389 715 1448 omni
742 1389 835 1469 loco,
875 1406 938 1468 quo
967 1385 1149 1462 tenderent,
1179 1404 1237 1448 se-

132 1495 299 1570 queretur,
333 1492 553 1569 spouselitium
593 1492 709 1555 donum
741 1513 856 1576 nempe
891 1495 963 1556 illas
998 1493 1108 1555 stellas
1147 1493 1238 1573 005&

131 1621 206 1674 ante
218 1631 256 1674 se
268 1615 458 1694 propellens,
471 1617 590 1680 Dicunt
601 1637 696 1698 porro
709 1618 849 1700 Arabes,
863 1617 1089 1698 Capricornum
1103 1603 1237 1710 (Gall)

129 1755 267 1802 necasse
287 1739 413 1802 stellam
434 1741 883 1834 kfistrtppellatom,qupmob
903 1758 1035 1802 causam
1048 1739 1144 1802 huius
1158 1743 1239 1804 illias
1304 1793 1306 1798 .

130 1867 233 1950 (φᾶ
258 1862 336 1946 uate
366 1861 455 1924 sidus
476 1868 586 1934 ursae)
616 1881 689 1924 eum
712 1861 908 1924 circumdare
937 1872 1094 1944 petentes.
1117 1865 1235 1928 Dicunt

132 2005 245 2067 porro,
273 1987 399 2046 stellam
430 1983 596 2066 Canopum
627 1982 712 2065 pede
747 1985 949 2066 percussisse
971 1985 1071 2048 'sidus
1102 1986 1239 2063 Orionis,

130 2099 194 2161 hoc
214 2118 292 2162 vero
315 2119 386 2161 eam
412 2099 495 2180 pede
521 2100 724 2180 percussisse
754 2109 788 2162 et
816 2099 1013 2183 projecisse,
1042 2108 1077 2161 ut
1114 2101 1233 2183 locum,

132 2226 229 2288 quem
251 2223 336 2268 nunc
358 2207 489 2287 habeat,
511 2214 691 2286 occuparet.
713 2207 794 2268 llam
816 2205 1023 2288 (Canopum)
1045 2215 1150 2270 autem
1172 2216 1239 2270 tum

132 2312 165 2375 id
195 2293 302 2394 gladio
335 2311 566 2402 percutientem
603 2311 742 2376 medium
779 2311 847 2374 eius
885 2311 1093 2376 dissecuisse.
1119 2315 1239 2376 Dicunt

133 2438 237 2501 porro,
257 2420 382 2481 stellam
404 2419 522 2480 Sirium
543 2418 761 2480 lomenensom
778 2420 851 2482 olim
864 2419 968 2480 luisse
987 2437 1061 2482 cum
1083 2421 1237 2503 Syriaca,

133 2536 199 2588 tum
222 2544 258 2588 se
269 2542 466 2606 segregasse
487 2531 520 2584 ot
541 2523 627 2586 viam
640 2525 778 2586 lacteam
794 2533 1029 2607 transgressam
1046 2545 1131 2603 esse,
1154 2505 1237 2607 qua·

132 2641 262 2716 propter
292 2650 471 2715 cognomen
499 2631 694 2693 transeuntis
717 2631 822 2730 mult
856 2635 1050 2712 accepisset.
1103 2635 1238 2696 Stellam

134 2765 241 2818 autem
263 2756 443 2839 Syriacam,
465 2774 562 2835 quum
584 2755 669 2816 illem
691 2772 729 2816 se
751 2771 923 2835 separasse
945 2754 1091 2832 vidisset,
1112 2756 1240 2838 lachry-

133 2883 205 2928 mas
220 2863 355 2939 fudisse,
378 2881 440 2944 qua
451 2861 693 2924 decausaoculi
708 2861 797 2924 lluxu
808 2863 879 2924 albo
895 2863 1042 2925 laborans
1064 2881 1242 2945 cognomen

135 2971 257 3053 languidi
286 2963 482 3052 accepisset
522 2969 616 3032 Conf.
646 2967 687 3030 de
723 2968 814 3030 hisco
841 2970 939 3031 rebus
961 2970 1002 3029 ill.
1031 2967 1144 3032 [deleri
1172 2970 1240 3032 libr·

134 3097 213 3176 plur.
250 3093 339 3154 locis.
375 3093 499 3154 Dicitur
536 3110 663 3173 quoque
698 3091 827 3176 „salt
853 3093 907 3171 git·
933 3125 976 3175 „a
1003 3093 1088 3165 ,atat
1129 3092 1244 3153 eodem

134 3289 244 3332 sensu.
286 3267 409 3330 Eadem
444 3265 537 3328 stella
561 3235 641 3367 {ddi
663 3272 695 3325 et
716 3261 804 3368 &Uli
830 3270 862 3356 et
884 3263 996 3366 &pli
1028 3261 1242 3346 cognomina-

136 3403 196 3457 tur.
240 3390 554 3460 Scharal-Aldiuus
582 3386 669 3460 dixit,
700 3386 828 3449 stellam
856 3385 937 3446 oculi
966 3385 1050 3446 tauri
1081 3383 1265 3480 (Utpctllp

128 3516 391 3600 'cognominatam
427 3530 554 3594 quoque
588 3529 664 3576 esse
692 3509 827 3602 „epuli
852 3511 959 3597 ffel>
991 3505 1240 3571 „Stellarum

144 3859 184 3922 ’1)
204 3839 331 3928 >sill
358 3831 463 3930 &³1²
485 3855 580 3918 Agaso
610 3847 749 3914 Pfejadum
780 3859 878 3897 nomen
900 3843 997 3894 stellae
1024 3841 1076 3897 est.
1105 3839 1174 3893 conl.
1204 3835 1241 3890 ill.
1356 3859 1360 3865 ·

99 3988 102 3996 =
204 3963 303 4017 ldeleri
328 3963 436 4013 librum:
454 3961 614 4012 Uutersuelr.
641 3956 708 4008 iiber
731 3955 772 4004 die
796 3955 976 4024 Sternuamen
999 3951 1050 3996 ete.
1073 3961 1099 4008 p.
1118 3947 1164 4008 96,
1190 3944 1243 3994 1³7

204 4073 251 4122 Sic
273 4083 379 4134 quoque
395 4053 503 4149 ffljffll
530 4051 600 4120 ..ΑΞ
622 4063 678 4115 Gor
701 4059 852 4123 scorpionis
877 4059 904 4107 et
931 4039 1026 4109 ..ddi
1065 4065 1123 4104 cur
1145 4057 1244 4104 nomen

207 4181 306 4231 stellae
324 4185 376 4237 est.
394 4179 455 4230 ibid.
472 4191 497 4238 p.
517 4173 582 4228 179·
601 4173 663 4226 181.
1048 4185 1051 4192 ⁴

155 4289 185 4343 2)
204 4283 321 4334 metrum
339 4273 510 4333 'llrawil‘est
530 4289 555 4339 p.
576 4275 636 4336 tar.
