3018 4930
205 505 411 590 proverbium
437 503 488 568 sic
513 504 651 589 legitur:
677 499 799 586 rimadt
826 497 909 589 [μᾜ
932 485 1006 573 bd.
1031 507 1118 590 ΛΜ
1143 505 1243 605 Μ
1267 509 1310 604 Oi

204 597 302 697 :ipit
329 600 451 696 iffi>
484 605 639 691 „Sensus
675 615 749 668 est:
779 607 906 671 Doctus
933 609 964 670 in
987 615 1092 692 patria
1116 633 1180 674 non
1205 612 1311 674 hono-

204 718 304 771 ratur.
345 737 396 758 -
432 704 471 766 C·
511 706 643 790 XXIV,
684 704 765 768 198.
820 708 856 768 ln
904 708 1168 775 Semachscharii
1210 731 1310 794 opere

205 809 255 870 sic
281 807 469 869 adnotatum
493 804 719 886 proverbium:
753 812 835 866 tm
858 835 902 885 ο,
926 803 1062 868 mt't,
1090 813 1201 903 Q„
1228 812 1310 904 oa&

85 915 88 920 '
204 909 320 994 „Bene
346 904 522 987 distingue,
549 922 708 985 quaenam
734 904 917 969 differentia
936 909 1020 970 inter
1039 910 1207 974 Omamam
1224 913 1308 973 Hin-

206 1008 345 1089 damquc
370 999 441 1066 sit“
466 1001 637 1064 dilucidius
670 1003 868 1083 explicatum
901 1017 973 1069 est:
1007 1007 1116 1086 Quum
1139 1011 1306 1074 Ahmruus

205 1104 373 1170 ben-Hind
398 1103 522 1165 frustra
545 1102 577 1162 in
601 1101 768 1186 regionem
781 1105 963 1168 Jemamam
987 1107 1173 1171 incursione
1198 1109 1307 1171 hostili
1412 1101 1416 1108 ’

205 1207 306 1290 iacta>
331 1205 363 1264 in
389 1211 522 1288 gentem
545 1199 640 1286 Thai,
668 1220 807 1285 quacum
832 1203 950 1266 foedus
976 1207 1007 1267 ci
1036 1217 1143 1294 esset,
1169 1210 1308 1290 irrupis-

206 1315 281 1390 set,
306 1324 348 1366 ne
374 1303 445 1365 sine
473 1299 596 1383 praeda
619 1299 763 1386 rediret,
793 1303 939 1366 Ahrilaus
964 1307 1123 1394 vhajjita,
1158 1309 1213 1390 qui
1239 1329 1309 1370 rem

204 1401 360 1488 perfidiae
387 1402 564 1483 tribueret,
591 1417 665 1461 eum
690 1399 891 1482 vituperavit
917 1413 951 1468 et
976 1404 1122 1470 Ahmruo
1150 1407 1307 1470 minitanti
1431 1449 1440 1460 .

205 1503 420 1588 sequentibus
443 1499 599 1562 versibus
624 1501 809 1581 respondit:

203 1615 911 1772 ffl'wfflw‘dfflisslfflu
933 1611 1309 1766 Μὲιϋιῖἕὲῧῡ·

203 1822 1308 1963 Μψμωιιωψωωψμιμκι

204 2000 314 2096 „Quis
328 2007 474 2070 Ahmruo
493 2004 663 2068 ben-Hind
684 2006 830 2068 nuntium
864 2005 988 2089 perfert
1013 2015 1103 2070 tanto
1127 2006 1204 2069 viae
1228 2027 1309 2091 spa·

205 2111 269 2195 tio,
296 2115 354 2196 ut,
390 2106 420 2169 si
446 2105 508 2170 albi
532 2106 648 2172 cameli
678 2121 752 2168 eum
777 2108 810 2168 in
836 2107 934 2168 dorso
968 2115 1159 2194 portarent,
1197 2127 1309 2171 corum

205 2227 294 2276 mora
319 2200 591 2274 annuntiaretur?
624 2207 715 2268 Num
739 2215 775 2270 tu
799 2206 876 2270 mihi
900 2207 1031 2272 minaria
1041 2251 1054 2292 ,
1088 2207 1164 2271 dum
1189 2228 1309 2277 arenae

205 2329 266 2372 nos
293 2300 475 2398 separant?
508 2308 598 2369 Bene
624 2305 808 2391 distingue,
835 2325 994 2388 quaenam
1020 2307 1202 2370 differentia
1225 2309 1310 2370 inter

205 2409 373 2472 0mamam
398 2404 602 2489 Hindamque
627 2402 710 2467 sit.“
751 2405 895 2468 metrum
920 2405 1048 2469 Thawii
1073 2417 1136 2469 cst.
1164 2428 1196 2489 p.
1226 2406 1307 2469 too.
1374 2448 1381 2460 ·

203 2511 345 2572 Matrem
371 2527 465 2570 auam
491 2505 650 2570 0mamah
683 2503 955 2588 praestantiorem
985 2525 1064 2569 esse
1089 2509 1179 2591 regis
1204 2516 1309 2569 matre

204 2608 313 2673 Isinda
337 2608 425 2670 dicit.
477 2605 581 2670 Unam
606 2627 676 2670 rem
701 2605 806 2668 alteri
831 2607 1101 2687 praestantiorem
1128 2626 1206 2668 esse
1230 2625 1311 2687 pro·

204 2708 352 2771 verbium
374 2697 550 2792 significat.
577 2741 626 2754 —
652 2707 692 2770 C.
722 2705 855 2790 XXIV,
883 2703 967 2769 329.
1002 2705 1308 2790 Samachscharius,

206 2809 261 2890 qui
285 2809 317 2868 in
344 2805 517 2890 proverbio
551 2801 633 2868 La·
658 2798 735 2879 dis
758 2833 821 2889 ov,
856 2804 1128 2888 quemadmodum·
1149 2807 1308 2866 inversu
1397 2807 1403 2816 '

205 2909 344 2994 tegitur,
371 2907 487 2992 habet,
515 2907 678 2989 proverbii
706 2923 840 2969 causam
866 2906 965 2968 tatem
990 2905 1095 2968 fuisse
1121 2897 1307 2968 adnotavit:

203 3009 371 3074 Ahmruus
403 3007 435 3070 in
468 3017 602 3090 gentem
626 3004 844 3072 Banu-Sahd
875 3005 1052 3088 irruptione
1078 3003 1167 3068 tacta
1194 3014 1309 3068 contra

204 3117 339 3190 gentem
363 3107 571 3171 Banu-Kais
604 3127 677 3170 cum
709 3107 815 3187 copiis
847 3105 1017 3187 profectus
1042 3123 1163 3188 magua
1187 3103 1309 3186 praeda

204 3204 412 3286 captivisque
439 3203 550 3266 multis
585 3207 708 3286 potitus
735 3214 817 3267 erat.
869 3203 948 3270 Inde
972 3189 1080 3286 usque
1105 3203 1148 3268 ad
1171 3204 1310 3284 provin-

204 3305 288 3368 ciam
314 3301 485 3366 Jemamah
511 3323 654 3387 pergens
680 3305 773 3388 genti
804 3302 1060 3368 Banu-Soiaim
1089 3302 1131 3366 ad
1156 3322 1309 3387 pugnan-

205 3403 280 3467 dum
306 3411 441 3486 paratae
466 3392 617 3465 occurrii.
669 3402 776 3480 Quam
801 3422 901 3485 quum
924 3402 1085 3488 vidisset,
1115 3403 1181 3464 ista
1204 3403 1307 3464 verba

204 3503 286 3566 dixit
319 3501 564 3588 significaturus
607 3503 781 3567 occasione
820 3501 960 3582 praedae
994 3499 1163 3565 faciendae
1199 3501 1309 3563 obtata
1367 3491 1372 3502 ’

205 3602 360 3665 utendum
386 3621 474 3664 esse.
502 3637 549 3649 -
577 3602 617 3664 C.
642 3603 767 3685 XXIV,
795 3600 878 3663 ³84.
906 3603 942 3662 In
967 3599 1247 3703 Scharaf·didim
1272 3608 1308 3661 et

205 3751 467 3816 Semachscharii
492 3751 644 3834 operibus
669 3709 747 3810 :tei
773 3751 912 3836 legitur,
938 3759 976 3814 ut
999 3751 1087 3812 verti
1110 3749 1234 3831 possit:
1261 3750 1306 3812 Et

205 3869 317 3913 omnes
344 3853 429 3915 tusci
461 3851 645 3932 (homines)
678 3871 721 3913 ex
744 3849 909 3914 Adamo.“
960 3852 1171 3914 Proverbium
1198 3849 1306 3932 docet,

203 3951 308 4011 virum
335 3953 565 4037 mulieremque
590 3951 711 4017 amoris
736 3951 868 4015 vinculo
894 3961 1027 4034 propter
1049 3949 1206 4034 originem
1232 3967 1310 4010 con-

204 4047 332 4112 iunctos
359 4069 446 4114 esse.

611 4223 896 4242 Μ

248 4457 748 4928 Γι
