2950 4908
563 303 791 374 ..331...

121 488 244 553 videris
263 504 329 552 uon
351 487 443 553 aliter
464 507 505 554 ao
525 490 554 552 si
575 490 680 572 ipsum
701 493 904 560 Merwmum
936 493 1100 584 septipum
1127 493 1232 560 ieois·

122 613 188 662 ses.
217 597 301 658 'l'um
317 597 513 660 ¹Merwanus
529 595 623 661 dixit:
645 599 689 662 Et
717 605 754 664 tu
775 600 847 680 quid
870 621 892 664 ιι
911 602 1080 666 Marweno
1094 597 1233 682 speras?

126 704 289 786 Magnum
307 703 440 785 lytrunr,
458 705 629 784 respondit
649 707 782 788 mulier3
803 716 842 770 et
858 704 1038 790 quantumi
1059 709 1118 773 ilie·
1133 708 1234 771 inter·
1258 699 1267 734 ²

121 827 241 893 rogaro
261 812 411 893 perrexit.
454 811 572 880 Mulier
593 831 690 894 quum
712 822 842 878 eentum
862 815 1071 878 oomelosse
1098 831 1232 894 sperare

122 917 280 1000 dixisset,
322 917 511 980 Merwanos
534 925 583 981 tot
604 921 747 982 camelos
769 919 799 982 ei
817 920 979 1002 promisit,
1015 920 1052 998 si¹
1065 920 1170 1001 ipsum
1188 917 1248 982 ad
1301 989 1307 998 ,

123 1023 344 1088 Chomeeham
365 1023 462 1106 tiliam
482 1023 580 1088 Auhu
602 1025 859 1091 ben-Mohallem
881 1025 1038 1089 duxisset.
1081 1027 1229 1090 Merwa-

113 1151 185 1204 uus
207 1134 290 1216 enim
310 1132 394 1201 hano
414 1132 517 1197 Auhti
537 1133 634 1198 tiliam
654 1134 694 1197 ub
717 1133 860 1197 Ahmruo
883 1134 1064 1196 ben-Kerib
1087 1141 1120 1204 et
1139 1134 1229 1195 Dsu-

125 1241 186 1304 abo
209 1241 404 1322 iren-Asmo,
428 1240 483 1322 qui
505 1258 576 1304 eam
604 1240 765 1321 ooptivam
794 1241 939 1304 fecerant
965 1249 1128 1322 tempore,
1166 1257 1249 1322 (pun⁴
1321 1277 1323 1284 ι

121 1344 437 1429 geusjuanu-Ahns
459 1347 629 1426 tentorium
659 1349 773 1420 mortui
800 1349 903 1410 Laitsi
931 1347 1136 1429 ben-Melie,
1179 1349 1234 1408 eui

126 1465 225 1536 nupta
245 1456 364 1535 fueret,
387 1454 567 1538 diriperent,
590 1455 621 1516 in
642 1455 820 1517 libertatem
843 1455 1074 1538 vindicaverat.
1094 1456 1245 1535 anetum,

124 1572 187 1622 est.
208 1561 335 1622 Interim
352 1560 693 1623 Ahmruusben·Hind
715 1560 756 1624 de
777 1582 811 1622 re
840 1563 956 1624 certior
976 1563 1095 1644 faetus,
1119 1563 1233 1643 quippe

124 1670 180 1751 qui
192 1669 293 1731 iratus
308 1678 419 1731 eontra
433 1669 636 1731 Merwanum
650 1669 828 1751 iuraverat,
843 1687 881 1730 se
895 1670 1021 1730 veniam
1041 1671 1070 1730 ei
1085 1668 1230 1731 daturum

125 1794 189 1837 non
210 1793 295 1848 esse,
319 1774 421 1836 donee
441 1794 567 1852 manum
590 1792 680 1836 suam
709 1775 740 1834 in
770 1793 865 1836 maun
892 1774 960 1836 eius
995 1776 1163 1854 posuisset
1191 1774 1232 1836 ad

125 1883 281 1963 Anhfum,
303 1891 338 1943 ut
357 1883 440 1944 iilum
462 1881 504 1943 ad
527 1884 631 1962 ipsum
653 1881 955 1963 adduceret,‚misit.
977 1882 1105 1946 Anhfus
1126 1891 1233 1944 eutem

127 2009 166 2053 se
189 1987 222 2052 id
243 1989 353 2052 iecere
374 2007 437 2050 non
460 2006 556 2070 posse
572 1988 667 2070 dixit,
691 1989 751 2051 nisi
771 1991 982 2077 permitteret,
1003 1997 1039 2052 ut
1054 2009 1146 2052 suam
1159 2008 1232 2050 me-

128 2117 203 2159 num
224 2097 305 2160 inter
324 2114 438 2159 manus
464 2097 630 2176 utriusque
658 2096 800 2174 haberet.v
842 2097 948 2158 Venia
973 2104 1040 2159 tum
1066 2097 1233 2160 Merwaoo

130 2204 207 2267 data
227 2204 392 2265 Ahmruus
416 2202 509 2266 dixit:
530 2212 611 2294 07⁹
635 2181 721 2292 σοι,
746 2204 774 2286 3
791 2229 845 2300 ρ
871 2199 1026 2284 t„N0n
1048 2211 1113 2266 est
1133 2201 1234 2262 liber

126 2331 169 2392 in
193 2328 304 2392 veile
324 2327 460 2390 Aulisi
503 2327 596 2392 Ceut.
621 2327 702 2410 Cap.
724 2328 849 2408 XXIII,
869 2325 944 2394 403

319 2517 446 2724 ,titii
471 2583 527 2680 &4
513 2503 743 2698 ι’·ιὶιὲὶ
717 2575 784 2688 σε
820 2537 1002 2660 &dite

19 2813 24 2824 '
128 2791 187 2863 95
242 2710 417 2874 Fideiioi,
445 2809 559 2886 (luam
585 2779 820 2854 Alharithsus
847 2777 1113 2850 hen-Thsaiirn.

214 2945 365 3022 Narrant,
401 2939 567 3022 lhjadimm
602 2940 690 3002 beu·
700 2938 835 3000 Dailrats
868 2935 910 2997 ad
936 2934 1091 2998 Alheritsi
1118 2940 1234 3013 pasto-

130 3071 195 3128 res,
203 3069 316 3132 equom
339 3050 471 3111 oamelis
491 3045 685 3127 haurientes,
708 3053 925 3109 transeuntem
951 3042 1077 3114 veniam
1098 3058 1235 3122 rogasse

131 3161 200 3222 suis
222 3158 353 3221 oemeiis
374 3176 489 3238 equam
512 3153 684 3218 hauriendi.
707 3154 813 3214 Venia
835 3152 921 3232 data,
945 3169 1041 3231 quum
1063 3147 1233 3229 funiseius

130 3268 222 3328 nimis
250 3265 358 3326 brevis
388 3273 490 3345 esset,
532 3270 679 3342 pastores
707 3259 828 3320 Heritsi
857 3259 941 3320 suuis
966 3267 1106 3338 partem,
1136 3271 1231 3336 quem

130 3393 204 3436 eum
225 3391 286 3434 suo
301 3371 519 3453 coniungeret,
540 3368 571 3428 ei
580 3363 812 3428 commodasse.
834 3364 885 3426 lte
906 3372 1013 3426 sutem
1026 3363 1115 3424 tinite
1137 3374 1232 3441 quum

85 3529 94 3545 .
130 3480 265 3542 Ahmrui
293 3475 569 3540 ben-Ainohman
597 3473 686 3553 regis
714 3471 845 3532 ministri
875 3472 1015 3532 camelos
1052 3467 1233 3550 diriperent,

55 3653 57 3660 ,
132 3589 236 3650 virum
270 3587 438 3648 clamasse:
475 3583 503 3646 0
535 3582 641 3644 vicine
671 3598 763 3659 opem
805 3571 874 3640 ser!
918 3575 1098 3637 Atheritsus
1138 3588 1237 3652 qoum

131 3697 196 3756 ista
218 3694 318 3754 verbo
339 3690 592 3771 pronuntiantem
616 3686 752 3765 audiret,
776 3683 915 3747 dixisse:
945 3679 1083 3760 Quando
1109 3679 1236 3740 vicinus

132 3810 207 3862 tuos
241 3793 352 3862 eruru'²
395 3797 543 3858 Alterum
581 3801 688 3855 autem
726 3790 950 3871 respondisse:
991 3789 1117 3850 Panem
1145 3792 1247 3849 tuum.

132 3925 205 3968 oum
232 3925 303 3967 meo
333 3903 498 3985 ooniunxi,
536 3911 570 3964 et
591 3911 623 3964 tu
645 3901 777 3962 nemetis
798 3900 875 3960 meis
896 3903 1005 3976 potum
1027 3891 1160 3968 ded‘sti3
1202 3899 1243 3950 et

132 4015 210 4074 dum
230 4003 314 4094 aque
329 4021 383 4074 tua
395 4013 426 4072 in
446 4011 613 4072 ventribus
628 4007 824 4070 camelorum
847 4019 987 4066 meorum
1002 4010 1084 4080 erat,
1098 4000 1237 4078 impetus

132 4123 163 4181 iu
186 4137 245 4182 eos
265 4120 373 4182 iaetus
394 4129 454 4180 est.
498 4115 694 4178 Atheritsnm
724 4121 791 4174 tum
818 4108 991 4173 vicinitatis
1013 4109 1081 4170 iura
1113 4123 1237 4188 ugnos-

132 4234 261 4290 centem
294 4242 432 4305 rogasse
454 4221 697 4301 Alnolrmanum,
721 4227 756 4281 ut
777 4218 838 4280 sibi
859 4213 984 4296 Ihjadhi
1012 4213 1091 4294 opes
1118 4208 1238 4273 redde·
