2990 4920
260 872 461 936 Vocabulum
482 873 535 978 ἒ,
556 872 762 935 sorbitionem
782 869 933 953 ferarum,
955 869 1030 933 dnm
1051 871 1158 952 lingua
1177 889 1276 951 repe-

177 970 246 1032 titis
265 971 389 1034 vicibus
410 972 561 1058 lambunt,
584 968 755 1055 significet.
797 969 1044 1052 comparatione
1065 969 1161 1051 igitur
1166 1013 1180 1052 ,
1214 970 1277 1030 inr-

177 1084 285 1156 petum
305 1076 455 1140 hostilem
476 1096 540 1140 une
566 1078 641 1142 vice
666 1085 740 1160 post
761 1075 894 1139 alterum
916 1075 1037 1138 lectum
1060 1084 1094 1138 et
1116 1074 1203 1139 bend
1224 1076 1276 1137 in·

177 1189 350 1264 terruptnm
372 1202 461 1266 esse,
482 1183 633 1247 indicant.

212 1267 1240 1462 mmwmfllfflssv

176 1459 235 1598 7.⁰
262 1461 525 1596 habuncolus
538 1461 811 1626 'pestilentiblis
852 1539 896 1595 ut
911 1463 1187 1596 ‘carbunculus
1203 1523 1275 1595 ‘co-

264 1642 350 1718 meli
387 1662 425 1718 et
449 1672 549 1721 mors
588 1650 626 1719 in
653 1644 766 1722 domo
794 1645 952 1720 feminae
976 1643 1201 1720 Snluliticae.

257 1778 424 1841 Proverbii
445 1798 576 1843 causam
597 1782 694 1843 telem
714 1780 815 1844 fnisse
834 1763 995 1843 nements.
1015 1780 1167 1842 Ahmirus
1194 1779 1276 1840 ben-

175 1881 327 1947 Althol'eil
349 1893 382 1948 et
404 1864 476 1949 cnm
498 1907 537 1950 co
559 1887 711 1950 Arbedus
737 1887 913 1968 ben-Keis,
936 1889 989 1969 qui
1020 1887 1119 1949 freter
1145 1904 1276 1968 germe-
1305 1883 1312 1890 ’

174 1981 236 2052 nu's
255 2009 319 2054 une
346 2001 448 2056 mutre
474 2003 570 2059 nutus
593 1995 706 2057 bebidi
734 1995 955 2058 ben-Robinlr
985 1993 1170 2060 Alimeriue
1197 2001 1277 2063 erut.
1305 2032 1310 2038 -

175 2095 217 2160 od
250 2097 510 2165 Mobummedom
553 2084 753 2166 accesserat*
797 2103 960 2165 Ahmruus
1005 2110 1112 2165 nutem
1147 2099 1277 2162 Arbndo

176 2206 402 2288 imperaverat,
418 2218 454 2272 nt
475 2217 632 2291 temporo,
655 2227 718 2289 quo
738 2211 808 2290 ipse
829 2225 900 2270 cum
908 2206 1136 2270 Mobnmmede
1150 2225 1278 2269 sermo·

174 2329 247 2376 uem
268 2314 419 2395 heberet,
443 2315 580 2378 eundem
602 2334 622 2376 e
644 2325 738 2397 tergo
763 2317 899 2390 veniens
928 2314 1100 2378 occideret
1129 2311 1278 2377 Arbndns

174 2437 243 2480 rem
263 2428 462 2499 peracturus,
486 2438 580 2500 quum
602 2419 744 2500 gladium
771 2441 790 2482 c
818 2421 939 2501 vagina
965 2422 1137 2483 extrahere
1166 2422 1278 2504 vellet,

174 2541 237 2586 non
258 2523 370 2606 potuit.
411 2522 658 2585 Mobommedes
679 2532 798 2606 nutem,
822 2526 875 2606 qui
895 2525 1062 2588 Ahmirum
1081 2525 1211 2588 Arbedo
1227 2527 1279 2588 si-

173 2649 240 2712 gnu
259 2629 430 2693 leoientom
451 2629 588 2714 videret,
610 2647 649 2692 se
668 2630 923 2696 circumvertens
946 2651 1029 2712 pone
1049 2650 1089 2694 so
1110 2630 1277 2695 Arbndom

174 2739 378 2820 conspiciens
399 2737 495 2799 dixit:
515 2746 609 2820 μμ,
636 2739 680 2820 tq
708 2738 841 2826 [μμλόἱὶ
869 2731 1148 2830 r,nlll„01)ouul
1171 2739 1279 2802 Servo

174 2878 226 2923 mo
246 2859 286 2921 ab
306 2859 357 2920 bis
380 2859 505 2922 duobus
526 2858 647 2942 perid,
671 2859 754 2941 quod
775 2853 870 2923 νίεἱα
909 2861 1046 2926 Demisit
1067 2863 1162 2944 igitur
1183 2864 1276 2924 Dens

174 2963 227 3028 die
246 2982 365 3028 sereno
395 2965 533 3050 fulmen,
564 2985 625 3047 quo
653 2965 803 3030 Arbndus
831 2968 1080 3030 combureretur.
1124 2968 1276 3030 Ahmirns

173 3075 270 3156 igitur
290 3074 401 3155 logum
430 3075 561 3153 cupiens
589 3072 687 3136 dixit:
732 3073 785 3156 „0
814 3069 1075 3139 Mohnmmodes!
1119 3076 1278 3138 invocasti

52 3167 56 3174 ¹
173 3179 343 3243 Dominum
364 3188 455 3241 tuum
476 3187 508 3240 ot
528 3181 592 3242 istc
613 3181 775 3244 Arbndum
799 3181 923 3244 occidit.
965 3180 1030 3244 Per
1051 3175 1172 3244 Deum!
1204 3183 1278 3266 Ilgo

173 3285 310 3368 implebo
330 3292 450 3348 terrum
471 3295 581 3351 contra
601 3297 634 3350 tc
656 3291 748 3370 equis
769 3289 890 3372 globris
912 3299 945 3351 et
966 3283 1134 3353 iuvenibus
1156 3289 1278 3353 imber·

173 3393 274 3457 bibus.
315 3391 559 3458 Mobemmedes
580 3405 686 3458 eutem
708 3397 790 3460 boec
811 3395 944 3461 audieus
968 3396 1063 3459 dixit:
1096 3397 1150 3464 afli
1164 3399 1278 3480 ύω,

173 3493 239 3576 uo
263 3491 352 3579 atur,
377 3491 446 3562 uto
471 3529 516 3579 o·
539 3496 638 3597 „ouo
680 3498 794 3578 „neus
831 3504 865 3559 te
904 3506 938 3560 et
977 3497 1061 3559 crios
1098 3482 1211 3560 Kline
1243 3498 1279 3568 (ῑ.

140 3610 146 3618 ·
174 3611 203 3654 o.
225 3598 350 3674 gentes
360 3592 434 3655 Ans
455 3593 676 3676 ethesredj)
697 3595 872 3678 impcdibit,
895 3598 1061 3678 quominus
1073 3596 1104 3660 id
1112 3589 1277 3660 fucintislu

174 3696 329 3760 Ahmirus
349 3705 416 3761 tum
436 3718 456 3760 e
481 3699 575 3762 domo
596 3702 733 3762 feminae
761 3701 945 3764 Sululiticne
954 3701 1002 3780 ¹),
1021 3703 1071 3765 ubi
1103 3711 1278 3785 pernocte-

174 3815 277 3888 vernt,
293 3827 386 3870 mnne
404 3808 515 3869 exiens
537 3809 567 3871 in
584 3826 671 3889 genu
691 3825 751 3870 suo
765 3794 873 3902 ortum
886 3809 1113 3873 carbunculum
1121 3811 1279 3891 pestilen-

176 3914 280 3978 tiolem
299 3916 482 3998 conspexit,
506 3935 570 3997 quo
589 3923 627 3978 ut
649 3915 683 3976 in'
702 3933 774 3979 enm
792 3915 920 3999 rediret,
943 3927 1078 3980 coactus
1101 3919 1164 3982 isto
1176 3920 1279 3982 verbo

175 4019 267 4103 dixit,
289 4038 374 4103 quoe
395 4028 511 4104 postca
539 4021 570 4082 in
600 4021 802 4104 proverbium
832 4034 997 4087 venerunt.
1040 4026 1186 4090 Vocibus
1208 4036 1279 4093 tote

192 4213 219 4284 l)
236 4217 311 4272 (iens
328 4194 406 4270 solui
423 4222 494 4284 apud
511 4185 615 4270 :trebes
634 4221 899 4294 inultumcoutemta
916 4227 984 4276 erut.
