3006 4908
188 483 254 545 bat
295 479 355 545 Vir
375 479 428 542 bie
448 477 543 544 vafer
564 484 598 540 et
618 474 727 540 audax
754 467 905 538 familiam
932 486 1024 534 suam
1054 469 1153 532 multa
1181 465 1292 528 iniuria

190 590 372 671 adflixerat,
395 597 428 650 ut
450 607 523 649 eum
544 585 734 667 relegarent.
754 583 902 642 Meooam
926 577 1120 660 perveniens
1143 595 1216 640 oum
1238 575 1295 638 fa-

188 695 273 760 milia
295 695 383 758 Harb
405 691 639 774 ben-Omajjab
660 687 774 753 foedus
798 697 831 750 et
851 687 1040 750 societatem
1071 685 1171 748 inivit.
1211 686 1295 746 ‘'lrrm

191 822 234 866 ex
254 800 421 882 provinoia
441 797 567 878 Hidjasi
588 798 619 858 in
642 777 806 879 regionem
828 797 941 856 lraeae
968 789 1102 854 tendens
1124 789 1167 852 ad
1187 790 1294 854 aulam

189 908 352 972 Nohmani
386 902 651 988 ben-Almondsir
685 901 832 984 pervenit
863 901 968 981 ibique
1001 899 1127 962 mansit.
1169 898 1298 963 Alnub-

191 1032 303 1076 manus
326 1022 432 1076 autem
455 1011 623 1094 quotannis
645 1008 687 1071 ad
707 1007 863 1071 nundinas
886 1005 1021 1070 Oboatsi
1041 1023 1159 1088 agmen
1181 1021 1296 1068 came

153 1125 155 1136 '
190 1121 292 1184 lorum
312 1138 385 1185 oum
406 1119 599 1182 aromatibus
621 1125 654 1178 et
674 1117 787 1197 pannis
807 1114 955 1194 pretiosis
978 1121 1179 1174 mercaturae
1193 1129 1297 1176 oausa

191 1228 315 1288 mittere
342 1226 477 1287 solebat.
519 1225 581 1284 Die
608 1221 764 1304 quodam,
792 1212 888 1301 quum
916 1217 1135 1282 Albarradbus
1168 1226 1202 1282 et
1229 1201 1295 1280 Al-

190 1333 343 1394 rabhalus
366 1331 435 1411 (sio
456 1331 540 1392 enim
562 1325 860 1412 cognominabatur,
882 1327 954 1407 quia
975 1327 1158 1410 frequenter
1178 1326 1219 1390 ad
1239 1345 1297 1387 re-

190 1459 252 1523 ges
273 1439 425 1500 veniebat
447 1435 630 1500 0brwahus
646 1422 1070 1513 ben-Obtbahben·l)jat'ar
1099 1432 1298 1514 ben-Cilab)

191 1545 278 1628 apud
301 1562 412 1626 regem
433 1551 621 1625 praesentes
644 1548 766 1623 essent,
789 1539 842 1601 hio
864 1538 962 1602 dixit:
985 1539 1141 1618 Quisnam
1153 1541 1299 1604 oamelo-

191 1671 259 1712 rum
281 1667 398 1730 agmen
421 1647 598 1711 Olroatsum
621 1641 742 1708 duoet‘l
782 1645 965 1708 Barradhus
986 1645 1170 1728 respondit,
1209 1663 1247 1708 se
1268 1645 1302 1710 id

191 1775 249 1838 per
281 1762 412 1838 gentem
451 1753 605 1816 Ceuarrab
634 1752 802 1816 ducturum
833 1772 919 1816 esse.
962 1753 1008 1814 At
1037 1772 1097 1816 rex
1126 1752 1223 1831 dixit,
1261 1771 1301 1816 se

191 1863 295 1924 virum
315 1859 411 1940 velle,
434 1861 486 1941 qui
508 1861 651 1922 camelos
672 1879 728 1941 per
749 1868 866 1941 gentes
889 1859 1045 1924 Cananab
1067 1867 1099 1920 et
1127 1860 1220 1930 Kais,
1237 1858 1301 1921 du-

193 1976 294 2054 eeret,
334 1969 416 2030 'lum
439 1966 622 2029 0brwabus
641 1965 735 2029 dixit:
774 1968 836 2035 Vir
861 1969 924 2029 iste
951 1969 1046 2030 vafer
1078 1975 1111 2030 et
1136 1969 1301 2051 relegatus

193 2077 281 2158 regis
305 2074 446 2137 oamelos
469 2073 587 2135 duoere
609 2093 671 2136 non
692 2080 815 2155 potest,
839 2092 902 2156 ego
924 2091 983 2136 eos
1004 2093 1062 2155 per
1086 2083 1217 2158 gentem
1238 2073 1302 2138 ab·

196 2183 305 2246 sintlrii
326 2190 359 2243 et
382 2181 525 2243 abrotoni
545 2180 685 2262 regionis
707 2179 816 2261 Nedjd
835 2189 869 2243 et
879 2180 1043 2256 'l'ebamae
1056 2180 1209 2246 duoturus
1218 2201 1302 2246 sum.

196 2287 429 2351 Consentiente
449 2303 529 2366 rege
550 2286 610 2346 iter
631 2303 705 2350 oum
727 2287 858 2349 camelis
879 2287 1047 2369 ingressus
1069 2296 1131 2352 est
1172 2290 1219 2351 At
1236 2291 1299 2354 Al-

196 2393 375 2457 barradbus
397 2392 457 2452 viri
475 2381 615 2473 vestigia
635 2400 781 2474 secutus,
804 2410 900 2472 quum
923 2393 1107 2458 0brwabus
1136 2395 1167 2460 in
1194 2398 1300 2460 medio

194 2504 302 2587 gentis
315 2519 405 2587 ¹suae
426 2500 468 2564 ad
479 2499 601 2563 Fadaoi
612 2503 697 2564 latus
719 2509 810 2562 esset
832 2511 865 2563 et
886 2505 1079 2568 camelorum
1100 2525 1219 2588 agmen
1240 2508 1303 2571 de-

195 2609 376 2691 cubuisset,
399 2606 516 2670 sumsit
538 2607 687 2690 sagittas,
720 2609 965 2688 quaesentibus
996 2611 1237 2698 inserviebant,
1266 2623 1305 2677 ut

197 2717 387 2797 sagittarum
416 2715 502 2777 iaotu
531 2713 571 2777 de
601 2713 754 2777 0brwabi
781 2715 881 2778 oaede
908 2718 1081 2780 sortiretur.
1118 2719 1304 2786 0brwabus

197 2823 239 2884 ad
261 2823 366 2883 virum
386 2820 469 2881 baeo
489 2821 672 2882 molientem
700 2820 880 2903 transiens,
909 2821 983 2902 quid
1009 2818 1135 2908 ageret,
1162 2827 1303 2889 interro-

195 2930 298 3010 gavit.
342 2925 463 3010 Quum,
485 2945 523 2987 se
544 2911 650 2987 sortes
672 2923 713 2987 de
733 2924 834 2988 enode
856 2928 925 2989 eius
947 2929 1148 3014 interrogare
1162 2951 1304 3015 respon-

197 3035 313 3117 disset,
345 3032 541 3114 0brwahus,
564 3051 636 3094 eum
658 3033 712 3095 tali
732 3033 780 3095 rei
801 3034 1032 3115 perpetrandae
1052 3037 1207 3118 imparem
1228 3058 1305 3104 esse

198 3141 288 3204 dixit.
330 3137 552 3202 Albarradbus
573 3137 624 3201 bis
645 3133 756 3203 verbis
779 3141 826 3204 ira
845 3143 998 3206 incensus
1028 3144 1129 3226 gladii
1154 3146 1254 3209 iotum
1274 3148 1306 3210 oi

197 3249 324 3331 indixit,
345 3264 409 3328 quo
437 3247 658 3328 eooideretur,
686 3256 754 3311 tum
786 3251 979 3313 oamolorum
1008 3269 1125 3332 agmen
1163 3253 1305 3316 abduxit

197 3356 292 3418 llaeo
313 3364 419 3421 autom
440 3353 546 3416 resin
569 3371 670 3417 eausa
699 3364 787 3439 erat,
819 3373 875 3418 our
902 3357 984 3418 inter
1010 3367 1141 3440 gentem
1175 3359 1309 3424 chindii

197 3471 231 3526 et
250 3461 332 3524 Kais
353 3462 469 3524 bellum
482 3460 628 3542 Alfldjar.
649 3460 754 3540 (oeni.
766 3464 912 3525 Hamasa
932 3483 963 3546 p.
986 3471 1054 3547 ret,
1077 3473 1111 3528 et
1123 3465 1161 3528 C.
1174 3467 1303 3551 XXIX,

197 3558 246 3640 4.)
269 3560 465 3641 appellatum
487 3561 630 3624 oriretur.
652 3558 743 3624 Istud
773 3560 965 3627 Albarradbi
991 3565 1110 3628 faotum
1145 3569 1307 3649 proverbii

198 3683 299 3732 eausa
320 3676 398 3733 erat
439 3668 755 3730 Abu-'lammamus
786 3667 828 3730 ad
856 3678 986 3751 gentem
1026 3674 1108 3735 'l'hai
1140 3676 1305 3755 pertinens

199 3785 299 3856 poeta
320 3774 401 3840 illius
421 3774 500 3838 faeti
520 3775 712 3839 mentionem
740 3773 820 3845 feeit
841 3777 873 3838 in
902 3773 1051 3843 versibus
1079 3783 1307 3862 sequentibus:

298 3907 492 4026 mm.
509 3907 615 4022 aa
640 3913 754 4032 etot
780 3913 879 4050 eut
898 3912 999 4040 ›tt-³
1093 3918 1203 4044 eet
1232 3989 1238 3998 «

82 4103 86 4110 ’
198 4175 203 4186 ·
300 4099 1207 4260 otilifflttaitbaattetqsfjrgs
