2990 4916
587 299 820 363 3551...

14 544 19 568 ,
122 501 200 545 rum
222 501 307 546 essa.
348 483 543 546 Accelerato
564 481 676 544 itincre
705 499 801 564 quum
824 493 923 564 pr'ope
944 483 986 548 ad
1011 467 1125 546 hostes
1155 499 1234 562 per-

14 569 32 625 ”
123 592 289 673 venisset,
311 591 342 652 in
363 591 462 670 valle,
483 609 547 671 qua
567 589 609 653 ab
629 589 668 650 iis
690 591 910 670 separabatur,
944 610 983 654 se
1004 579 1179 654 occulta’vit
1200 598 1233 650 et

39 759 41 768 ,
125 696 295 761 Sadusum
320 697 567 763 ben-‘Sohaiban
592 696 780 759 beu-Dsolrl
807 697 1096 782 ben-rsuhtebah,
1125 696 1231 758 virum

32 783 47 857 ἕξ
126 812 229 866 acuto
258 805 386 886 ingenio
414 803 605 885 praeditum,
628 803 862 884 exploratorem
892 807 986 866 rniait.
1028 805 1235 866 Ebu-Mon·-

126 908 266 972 dalahus
287 912 404 974 castris
426 913 456 972 in
481 911 564 994 pede
586 913 703 974 montis
724 913 840 992 positis
872 920 1018 992 quartam
1049 912 1109 974 sibi
1138 928 1235 989 prae-

14 1023 46 1054 =··
126 1012 193 1075 dae
212 1024 335 1096 partem
359 1017 512 1081 definiens
534 1019 642 1100 ignem
664 1017 811 1080 accendit
832 1025 865 1078 et
887 1016 1035 1098 dactylos
1057 1018 1088 1078 in
1110 1026 1232 1082 terram

14 1187 32 1204 Ν
126 1123 300 1202 proliciens
323 1123 420 1185 dixitn
452 1125 529 1205 ‹Qui
557 1125 635 1206 ligni
664 1123 787 1187 fascem
822 1133 986 1205 apportat,
1030 1123 1230 1204 dactylorum

16 1277 18 1284 .
126 1229 324 1308 manipulum
345 1231 403 1292 sibi
427 1219 542 1292 sumat!
587 1229 736 1294 Sadusus
758 1247 830 1290 cum
853 1230 932 1312 ligni
953 1231 1046 1291 fasce
1068 1227 1230 1290 accedeus

127 1334 330 1415 manipulum
355 1334 556 1418 dactylorum
594 1335 710 1398 sumsit
741 1343 774 1396 et
799 1336 831 1395 in
856 1336 1009 1416 ¹pharetra
1035 1354 1096 1398 sua
1123 1334 1242 1414 posuit,

127 1441 214 1502 'l'unr
243 1459 281 1501 sa
309 1441 421 1503 turbae
448 1441 637 1521 immiscuit,
671 1448 715 1524 ut,
748 1439 823 1520 quid
852 1441 1073 1522 loquerentur,
1100 1439 1233 1502 audiret.

119 1547 238 1609 -Hinda
258 1556 363 1610 autem
384 1568 468 1627 pone
489 1545 814 1610 Ebir-Mcrrdalahurn
836 1547 956 1608 sedens
977 1565 1050 1610 cunr
1074 1565 1113 1609 co
1135 1547 1236 1607 verba

123 1653 267 1717 faciebat
289 1663 322 1716 et
342 1656 552 1737 interrogata,
575 1654 649 1734 quid
673 1654 734 1734 ipsi
757 1652 797 1714 de
819 1653 944 1733 Hcdjro
966 1653 1152 1719 videretur,
1180 1671 1236 1712 re-

31 1793 33 1800 ι
126 1760 274 1840 spondit:
317 1759 423 1822 Video
448 1780 519 1822 eum
540 1760 639 1821 lorica
667 1777 728 1820 sua
759 1759 859 1826 sellae
893 1758 1031 1821 medium
1054 1759 1238 1838 percutien-

126 1873 238 1927 temet
261 1864 435 1926 dicentem:
458 1864 597 1945 &ababli
623 1864 659 1928 dl
681 1877 739 1966 ,ἀὲ
763 1861 784 1928 t
813 1867 897 1964 ΙΨ,
1245 1851 1250 1862 ’

130 1985 326 2069 iterfacite,
351 1995 489 2046 nonest
511 1987 650 2049 incursio
672 1987 732 2048 nisi
752 1988 866 2053 iterum
896 1988 985 2049 facta
1007 1993 1082 2066 post
1110 1981 1237 2048 aliam.“

14 2087 30 2172 d
128 2091 274 2172 Hcdjrus
296 2101 403 2154 autem
425 2112 522 2173 quum
543 2092 677 2176 dormit,
701 2111 829 2173 semper
850 2113 945 2155 unum
967 2095 1037 2155 eius
1057 2094 1232 2154 membrum
1332 2095 1334 2102 “

128 2199 213 2259 vivit
236 2206 268 2259 et
288 2197 592 2286 Ebu-Mondaialro,
632 2198 790 2279 quomode
810 2198 874 2260 hoc
894 2201 1004 2282 sciret,
1026 2200 1234 2280 interroganti

133 2304 296 2385 narravit,
340 2322 379 2364 sc
408 2301 547 2383 quodam
583 2303 634 2365 die
658 2303 690 2364 iu
716 2304 819 2366 mariti
853 2304 1061 2386 dormientis,
1104 2305 1155 2384 qui
1177 2304 1238 2384 rpsi

130 2411 163 2470 in
185 2405 289 2471 odium
310 2409 468 2491 venisset,
491 2409 668 2491 propinquo
688 2407 826 2491 sedisse,
850 2428 946 2491 quum
955 2427 1090 2490 serpens
1112 2408 1153 2474 ad
1166 2394 1236 2470 eius

14 2539 26 2613 q
132 2522 342 2595 experrectus
366 2514 468 2594 pedes
490 2515 655 2593 repsisset.
697 2513 854 2595 Hcdjrum
876 2525 983 2576 autem
1004 2515 1105 2595 pedes
1133 2515 1174 2576 ad
1199 2533 1238 2578 se

135 2621 328 2707 adtraxisse,
351 2632 384 2685 et
405 2641 500 2718 quum
522 2624 563 2685 ad
586 2642 715 2685 manum
748 2622 1051 2704 adpropinquasset,
1088 2622 1239 2705 eandem,¹

73 2765 76 2770 ι
131 2739 164 2792 et
185 2749 283 2813 quum
305 2730 379 2792 inde
401 2729 578 2792 deflectens
601 2728 643 2792 ad
662 2729 816 2791 ronchum
832 2729 1010 2823 emittentia
1039 2735 1135 2807 caput
1155 2749 1240 2808 pro-.

23 2878 26 2912 ,
131 2837 204 2916 pius
226 2837 436 2912 accessisset,
452 2837 656 2898 eum-statim
676 2830 858 2898 surrexisse
881 2835 1056 2899 dicentem:
1079 2833 1163 2913 Quid
1185 2843 1237 2896 cst

131 2939 220 3005 hoc?
242 2965 261 3005 o
283 2935 407 3006 Hindal
430 2943 476 3004 Se
496 2954 602 3006 autem
623 2943 707 3027 inde,
732 2942 815 3025 quod
837 2937 1020 3022 serpentem
1048 2961 1110 3002 uon
1131 2940 1236 3002 vidis-

19 3073 21 3083 ·
133 3057 196 3128 set,
218 3049 458 3109 excusationem
481 3049 621 3127 petiisse.
665 3049 813 3110 Sadusus
834 3049 898 3110 ista
916 3048 1016 3109 verba
1038 3045 1173 3109 audiens
1193 3049 1235 3110 ad

135 3152 294 3231 Hcdjrum
316 3153 409 3214 rediit
431 3161 526 3212 etex
547 3153 697 3232 pharetra
718 3152 865 3232 dactylos
887 3152 1054 3214 effundens
1077 3153 1177 3215 dixit:

208 3272 322 3408 eali
346 3271 473 3384 ὲωὲ
500 3281 594 3414 6:⁹³³
618 3281 672 3384 ἑὲ
722 3273 805 3382 ἑὲ
819 3261 885 3405 ,il
904 3273 1056 3408 ,fist
1074 3268 1156 3367 cet

137 3469 278 3551 „llalsos
299 3486 443 3530 rumores
464 3467 656 3549 'spargentes
677 3453 718 3529 ad
739 3477 772 3530 te
790 3477 946 3530 venerunt
975 3485 1049 3530 cnm
1071 3470 1230 3554 redubia,

174 3595 270 3658 quum
293 3583 401 3638 mente
422 3575 546 3638 attoniti
568 3582 690 3657 essent,
713 3583 747 3637 et
771 3593 833 3658 ego
856 3595 923 3638 rem
946 3584 1070 3638 certam
1084 3575 1233 3640 tibinun-

173 3670 253 3736 tio.“
294 3677 437 3736 Mettum
454 3674 563 3738 Walir
585 3683 643 3768 est.
666 3694 696 3753 p.
718 3676 790 3738 act.

214 3771 357 3852 Hcdjrus
379 3772 529 3853 audiens,
558 3792 642 3854 quae
663 3773 771 3837 Hinda
791 3772 1081 3838 Ebu-Mondaiaho
1101 3790 1234 3834 narras-

136 3888 196 3960 set,
218 3879 361 3940 nuntium
382 3899 496 3942 verum
526 3899 603 3942 esse
632 3901 694 3942 non
722 3880 878 3943 dubitavit
906 3890 939 3943 et
963 3901 1043 3962 prae
1069 3881 1235 3943 iracundia

135 3985 260 4068 plantae
302 3985 412 4047 Morar
445 3986 624 4066 appellatae
656 3985 733 4048 folia
760 3986 833 4048 edit.
876 3987 968 4067 Quae
1005 3987 1081 4048 folia
1134 4003 1234 4069 quum

134 4093 193 4174 ipsi
210 4111 331 4156 noxam
351 4112 416 4154 ucn
438 4091 621 4178 adferrent,
648 4094 763 4176 quippe
793 4112 888 4174 quum
926 4096 1123 4158 camelorum
1149 4095 1234 4158 labia

136 4217 175 4264 ex
195 4217 305 4264 eorum
330 4207 426 4279 pastu
448 4205 676 4284 corrugeutur,
716 4217 895 4282 cognomen
915 4201 979 4297 ,idi
1004 4203 1066 4286 Mi
1103 4199 1233 4290 „bidens
