3012 4908
659 273 996 338 ..μς-.-

309 459 513 526 Vocabulum
541 457 713 542 ..9sp
740 441 898 518 insontum
928 451 990 514 alis
1019 451 1124 514 rubris
1152 413 1335 532 praeditum

121 609 133 626 ·
226 593 289 665 est,
309 583 625 668 quodnoatuvolans
638 580 795 643 seintitiae
807 577 908 640 simile
921 584 982 638 est
1004 574 1127 637 Dicitur
1137 554 1277 657 „Q
1285 576 1335 674 ‚tr

229 717 263 772 et
282 692 430 796 φιβ’
443 697 569 810 &bke
600 705 690 767 Dixit
710 699 948 764 Alkathamita:
986 683 991 697 ⁹

253 869 756 1013 eQrQQnQ
806 850 1309 1014 ,emnam

231 1070 368 1162 „nuent
389 1077 483 1159 ignes
513 1075 621 1158 gentis
643 1067 724 1136 Kais
747 1072 876 1136 hiberno
904 1080 1049 1151 tempore
1077 1076 1176 1130 noctu
1195 1065 1338 1129 adveni-

229 1185 295 1247 enti
317 1182 436 1246 similes
458 1190 532 1243 sunt
562 1180 628 1261 igni
649 1173 860 1240 cicindeiae.“
900 1177 1039 1237 Mettum
1061 1175 1187 1236 'l'hawil
1208 1193 1238 1254 p.
1264 1171 1336 1234 162.

310 1290 348 1352 Id
374 1297 443 1351 est:
470 1287 569 1350 Psrvi
598 1294 674 1347 sunt
695 1284 808 1366 ignes,
835 1282 921 1363 quod
941 1281 1096 1343 avaritiae
1122 1283 1251 1362 signum
1273 1289 1337 1342 est.
1359 1299 1361 1311 ·

230 1395 439 1458 Alszmiihus
452 1393 542 1474 dixit,
555 1399 698 1472 tempore
713 1398 789 1451 ante
800 1385 1060 1452 Mohsmmedem
1081 1387 1209 1448 vixisse
1230 1385 1337 1450 virum

231 1502 379 1565 Hobahib
401 1500 592 1582 appellatum
613 1497 704 1560 tants
716 1497 865 1572 sumitis,
876 1505 910 1558 ut
930 1497 959 1558 si
981 1495 1052 1578 quis
1072 1495 1181 1577 iguem
1200 1513 1243 1556 ex
1264 1494 1338 1555 eius

231 1611 359 1672 iuterna
380 1604 559 1670 accendere
579 1604 689 1686 vellet,
714 1622 787 1666 eam
807 1603 1037 1684 exstingueret.

143 2069 148 2078 ’
233 2066 294 2142 84.
345 2067 452 2140 Sicut
488 2067 536 2156 is,
575 2069 641 2167 qui
680 2081 814 2140 contra
849 2081 989 2137 terram
1037 2061 1116 2138 soie
1156 2063 1338 2158 torridam

343 2209 464 2303 ignem
492 2207 529 2278 in
562 2189 742 2293 auxilium
768 2207 873 2305 petit.

271 2403 276 2412 ·
317 2381 527 2444 Proverbium
570 2381 743 2465 signifieat,
782 2384 862 2448 duas
904 2377 1126 2462 malefaciendi
1158 2363 1340 2468 proprieta-

233 2495 285 2551 tes
307 2496 418 2552 eontra
438 2488 540 2552 virum
554 2499 770 2573 sangregatas
792 2509 878 2554 esse.
920 2493 1012 2556 Duas
1035 2493 1107 2556 ilisa
1128 2495 1340 2578 proprietates

234 2604 310 2660 suut
329 2604 414 2660 terre
434 2598 504 2659 sole
525 2597 643 2660 torrida
664 2604 697 2659 et
716 2597 809 2680 ignis.
844 2637 850 2650 -

537 2769 725 2945 &aa
752 2769 937 2959 Utnm
1004 2847 1050 2904 n

550 2977 570 2998 θ

237 3052 297 3124 85.
349 3047 456 3120 Sicut
483 3050 605 3147 ignem
633 3053 783 3152 cupiens
796 3051 986 3128 festinans·
1191 3152 1195 3160 Ι

319 3213 372 3274 De
393 3233 432 3285 eo
453 3212 580 3298 dieitur,
605 3216 658 3313 qui
681 3217 812 3281 festinat
832 3219 863 3280 in
885 3240 920 3282 re
943 3221 1130 3284 necessaria
1150 3207 1296 3305 petenda.

235 3709 300 3788 86·
351 3713 456 3786 Sicut
482 3714 523 3800 is,
550 3716 615 3814 qui
642 3740 681 3786 se
706 3739 823 3816 scopo
851 3717 1130 3815 sagittariorum
1156 3723 1260 3820 tegit·
1378 3802 1387 3810 ,

320 3875 424 3937 Hisce
446 3877 552 3938 verbis
572 3879 667 3939 utitur
688 3881 726 3956 is,
748 3877 799 3944 ani
819 3879 900 3942 alter
929 3890 1081 3948 terrorem
1107 3885 1252 3951 incutere
1271 3888 1340 3952 vuit

236 3977 400 4062 minando,
430 4000 467 4042 se
498 3981 641 4044 timidum
669 4005 732 4047 non
753 4005 829 4049 esse
851 3986 1036 4068 declarans,
1065 4011 1139 4054 nam
1165 3995 1218 4075 qui
1239 4011 1340 4075 scopu

242 4087 477 4170 sagittariorum
499 4109 536 4152 se
557 4092 651 4175 tegit,
673 4094 782 4156 similis
804 4104 856 4158 est
877 4097 927 4181 ei,
949 4099 1001 4180 qui
1020 4119 1082 4163 non
1104 4101 1234 4183 tegitur,
1256 4102 1341 4185 quoti

236 4195 279 4260 ibi
298 4199 427 4280 sagittis
450 4198 569 4264 feritur.
