3012 4908
590 333 818 398 ..331-

241 525 384 587 Narrant
417 521 539 600 virum,
566 527 643 601 potu
668 519 820 582 matutino
847 529 971 606 sumto,
998 529 1128 606 gentem
1163 537 1256 582 enom

156 631 386 712 relinquentem
407 629 438 690 in
460 627 572 708 copies
597 628 691 688 istem
711 637 843 708 gentem
862 627 1036 690 invasuros
1051 626 1203 690 incidisse
1224 634 1258 688 et

157 742 397 823 interrogatum,
410 736 463 798 nbi
483 751 566 818 gens
579 742 678 816 esset,
692 733 910 816 respondisse,
930 752 983 818 ee,
1004 735 1058 816 qni
1079 736 1110 797 in
1126 731 1256 796 deserto

156 850 407 935 pernoctaverit,
428 850 536 931 gentis
557 864 638 908 suae
658 854 767 910 cestro
789 859 979 910 non'nosse.
1006 849 1172 918 Memento
1192 866 1257 911 su-

157 966 241 1039 tem,
271 975 336 1038 quo
361 956 442 1017 inter
462 941 504 1015 ¹oe
525 952 766 1034 disputaverint,
798 971 870 1014 curn
894 954 1013 1016 urinam
1033 956 1171 1019 retinere
1192 973 1257 1017 non

156 1062 312 1143 potuisse.
354 1062 559 1122 nocentem
587 1055 628 1118 de
654 1075 753 1119 censo
780 1075 877 1138 quum
903 1059 962 1120 illis
988 1059 1020 1120 in
1041 1043 1255 1141 suspicionem

157 1166 314 1230 mendacii
333 1166 467 1227 veniens
489 1165 604 1226 lancee
623 1158 796 1225 confossus
819 1172 922 1245 esset,
945 1165 1030 1228 lecte
1050 1169 1158 1230 stetim
1179 1186 1255 1248 pro·

157 1281 322 1355 rumpente
342 1270 541 1334 mendacium
559 1270 674 1332 hostes
706 1268 905 1350 cognovisse
926 1280 959 1334 et
979 1292 1042 1334 non
1063 1274 1162 1336 multo
1184 1282 1260 1355 post

158 1390 268 1445 castro
288 1380 460 1442 invenisse.
637 1363 644 1374 '

220 1489 391 1551 Alferrius
410 1483 639 1568 grammaticus
661 1484 743 1545 inter
763 1482 919 1586 infinitiva
938 1503 999 1548 sue
1019 1485 1133 1550 adtulit
1155 1479 1260 1572 0>ss

154 1611 315 1714 obses-ii
339 1603 437 1678 ibi
462 1643 507 1696 ω.
524 1609 662 1693 „Magis
690 1610 857 1694 mentiens,
880 1630 974 1693 quem
997 1613 1140 1676 eruditos
1170 1613 1258 1695 pnili,

155 1737 207 1818 qui
228 1733 544 1826 potum-matutinum
572 1725 723 1832 sumsit“;
761 1733 897 1796 verbum
923 1736 1007 1796 enirn
1026 1723 1107 1802 ἀὲὶ
1128 1734 1258 1818 signifi.

155 1869 227 1938 oet,
251 1858 382 1922 multum
410 1856 511 1919 fuisse
540 1854 636 1916 lectis
657 1862 783 1938 potum,
811 1855 884 1917 dnm
905 1856 1009 1936 puilus
1030 1858 1142 1919 metris
1164 1876 1258 1920 omne

155 1969 208 2030 lec
230 1971 412 2046 exaugeret
432 1963 506 2024 Hoc
523 1972 632 2023 eutem
654 1960 695 2021 de
705 1978 806 2024 conse
818 1962 924 2043 pullus
943 1962 1102 2025 cruditate
1116 1964 1257 2043 loborat3

155 2073 216 2138 sed
236 2075 301 2135 iste
320 2069 478 2133 stomachi
498 2068 639 2131 cruditas
665 2070 770 2131 fomes
789 2071 819 2131 ci
839 2069 978 2150 videtin,
1002 2079 1037 2131 ut
1064 2071 1179 2133 iterum
1207 2072 1259 2134 lec

154 2178 325 2242 desideret.
348 2175 407 2238 Sic
424 2174 520 2255 igitur
546 2175 703 2238 stomachi
714 2174 865 2241 erudimti
885 2174 1086 2240 mendacium
1103 2177 1261 2242 tribuitur.

157 2284 226 2349 Sed
247 2283 301 2348 elii
319 2300 387 2344 rem
407 2280 500 2344 eliter
521 2281 689 2360 explicent

457 2415 474 2445 υ
522 2410 548 2438 '⁰
649 2402 670 2448 Ξ
713 2415 730 2449 ο
811 2404 917 2449 ’aot

406 2422 541 2602 ἥξω
565 2448 664 2604 2³5¹
699 2502 758 2608 ς..
789 2452 914 2562 esst
985 2470 1026 2552 nt

156 2678 239 2746 211.
290 2669 407 2767 Magis
433 2671 624 2758 mentiens,
651 2697 766 2772 quem
792 2677 964 2774 captivus
990 2672 1141 2758 Sindus.

241 2804 299 2870 Sic
320 2803 454 2887 dicitur,
480 2804 580 2888 qnod,
608 2807 638 2867 si
668 2807 839 2870 Sindornm
866 2810 940 2872 vilis
962 2809 1091 2893 qnidam
1112 2811 1261 2895 cepticos

157 2912 204 2998 nt,
223 2913 252 2975 is
274 2931 313 2975 se
334 2911 422 2993 regis
443 2911 542 2973 dilium
569 2931 644 2976 esse
665 2912 751 2977 dicit.
794 2916 879 2979 conf.
907 2936 997 2999 prov.
1017 2919 1092 2982 240.

484 3051 1029 3264 memte

157 3339 241 3411 212.
291 3337 406 3436 Magis
431 3338 626 3422 mentiens,
654 3360 769 3434 quarn
796 3361 916 3435 vapor
940 3336 1180 3448 meridianus.

239 3467 352 3549 Vepor
373 3469 435 3530 iste
457 3489 477 3529 e
497 3470 672 3550 longinquo
693 3485 779 3548 equs
801 3485 879 3530 esse
900 3467 1039 3530 videtur.
1062 3471 1126 3534 Alii
1148 3469 1258 3538 dieunt

155 3575 316 3637 vocabulo
343 3577 416 3671 μὴ,
452 3573 590 3655 lapidem
627 3572 851 3655 splendentem
884 3571 1079 3658 significari,
1110 3587 1145 3642 ut
1173 3595 1257 3662 sque

156 3713 233 3760 esse
252 3696 409 3761 videatur.

155 4128 238 4196 213.
291 4097 408 4224 Magis
433 4125 630 4207 mentiens,
657 4084 772 4220 qua'm
798 4146 919 4224 vapor
945 4117 1179 4196 meridianus.

236 4246 331 4332 conf.
352 4248 503 4330 proverb.
523 4243 725 4330 praecedens
744 4253 778 4312 et
797 4245 922 4314 Ksmus
942 4261 970 4312 s·
990 4265 1023 4314 v·
1043 4257 1097 4348 „o
