<?xml version="1.0" encoding="UTF-8"?>
<!DOCTYPE html PUBLIC "-//W3C//DTD XHTML 1.0 Transitional//EN"
    "http://www.w3.org/TR/xhtml1/DTD/xhtml1-transitional.dtd">
<html xmlns="http://www.w3.org/1999/xhtml" xml:lang="en" lang="en">
 <head>
  <title>
</title>
<meta http-equiv="Content-Type" content="text/html;charset=utf-8" />
  <meta name='ocr-system' content='tesseract 3.04.00' />
  <meta name='ocr-capabilities' content='ocr_page ocr_carea ocr_par ocr_line ocrx_word'/>
</head>
<body>
  <div class='ocr_page' id='page_1' title='image "./arabumproverbia00alfgoog_0125.png"; bbox 0 0 2990 4920; ppageno 0'>
   <div class='ocr_carea' id='block_1_1' title="bbox 690 266 918 364">
    <p class='ocr_par' dir='ltr' id='par_1_1' title="bbox 690 266 918 364">
     <span class='ocr_line' id='line_1_1' title="bbox 690 266 918 364; baseline -0.004 -54"><span class='ocrx_word' id='word_1_1' title='bbox 690 266 918 364; x_wconf 62' lang='lat' dir='ltr'>-ns-</span> 
     </span>
    </p>
   </div>
   <div class='ocr_carea' id='block_1_2' title="bbox 258 444 1372 1059">
    <p class='ocr_par' dir='ltr' id='par_1_2' title="bbox 258 444 1372 1059">
     <span class='ocr_line' id='line_1_2' title="bbox 258 444 1366 534; baseline -0.002 -24"><span class='ocrx_word' id='word_1_2' title='bbox 258 449 321 510; x_wconf 87' lang='lat' dir='ltr'><strong>vit:</strong></span> <span class='ocrx_word' id='word_1_3' title='bbox 358 449 472 512; x_wconf 72' lang='lat' dir='ltr'><strong>Frater</strong></span> <span class='ocrx_word' id='word_1_4' title='bbox 494 447 643 532; x_wconf 84' lang='lat' dir='ltr'><strong>Ahdjabo</strong></span> <span class='ocrx_word' id='word_1_5' title='bbox 665 447 862 534; x_wconf 35' lang='lat' dir='ltr'><strong>diaetam-se</strong></span> <span class='ocrx_word' id='word_1_6' title='bbox 884 444 996 528; x_wconf 82' lang='lat' dir='ltr'><strong>eadam</strong></span> <span class='ocrx_word' id='word_1_7' title='bbox 1019 454 1124 524; x_wconf 87' lang='lat' dir='ltr'><strong>nocte,</strong></span> <span class='ocrx_word' id='word_1_8' title='bbox 1141 445 1216 510; x_wconf 87' lang='lat' dir='ltr'><strong>dum</strong></span> <span class='ocrx_word' id='word_1_9' title='bbox 1227 445 1366 510; x_wconf 84' lang='lat' dir='ltr'><strong>dorsum</strong></span> 
     </span>
     <span class='ocr_line' id='line_1_3' title="bbox 260 553 1368 639; baseline -0.002 -23"><span class='ocrx_word' id='word_1_10' title='bbox 260 553 350 616; x_wconf 89' lang='lat' dir='ltr'><strong>cultri</strong></span> <span class='ocrx_word' id='word_1_11' title='bbox 373 554 548 639; x_wconf 87' lang='lat' dir='ltr'><strong>adhiberet,</strong></span> <span class='ocrx_word' id='word_1_12' title='bbox 569 563 740 618; x_wconf 82' lang='lat' dir='ltr'><strong>secantem·</strong></span> <span class='ocrx_word' id='word_1_13' title='bbox 755 555 954 618; x_wconf 86' lang='lat' dir='ltr'><strong>imitaturum</strong></span> <span class='ocrx_word' id='word_1_14' title='bbox 975 571 1061 616; x_wconf 87' lang='lat' dir='ltr'><strong>esse.</strong></span> <span class='ocrx_word' id='word_1_15' title='bbox 1093 553 1130 628; x_wconf 87' lang='lat' dir='ltr'><strong>Si</strong></span> <span class='ocrx_word' id='word_1_16' title='bbox 1154 571 1237 636; x_wconf 81' lang='lat' dir='ltr'><strong>gans</strong></span> <span class='ocrx_word' id='word_1_17' title='bbox 1267 554 1368 616; x_wconf 82' lang='lat' dir='ltr'><strong>istius</strong></span> 
     </span>
     <span class='ocr_line' id='line_1_4' title="bbox 258 657 1369 743; baseline -0.001 -22"><span class='ocrx_word' id='word_1_18' title='bbox 258 658 305 722; x_wconf 90' lang='lat' dir='ltr'><strong>rci</strong></span> <span class='ocrx_word' id='word_1_19' title='bbox 326 660 443 723; x_wconf 84' lang='lat' dir='ltr'><strong>nuliam</strong></span> <span class='ocrx_word' id='word_1_20' title='bbox 464 661 618 724; x_wconf 85' lang='lat' dir='ltr'><strong>rationem</strong></span> <span class='ocrx_word' id='word_1_21' title='bbox 637 661 790 743; x_wconf 76' lang='lat' dir='ltr'><strong>haberet,</strong></span> <span class='ocrx_word' id='word_1_22' title='bbox 805 678 843 721; x_wconf 89' lang='lat' dir='ltr'><strong>se</strong></span> <span class='ocrx_word' id='word_1_23' title='bbox 870 658 1018 738; x_wconf 89' lang='lat' dir='ltr'><strong>precibus</strong></span> <span class='ocrx_word' id='word_1_24' title='bbox 1039 657 1147 720; x_wconf 84' lang='lat' dir='ltr'><strong>fratris</strong></span> <span class='ocrx_word' id='word_1_25' title='bbox 1170 659 1369 721; x_wconf 77' lang='lat' dir='ltr'><strong>satisfacere</strong></span> 
     </span>
     <span class='ocr_line' id='line_1_5' title="bbox 260 764 1370 848; baseline 0 -22"><span class='ocrx_word' id='word_1_26' title='bbox 260 783 377 846; x_wconf 80' lang='lat' dir='ltr'><strong>posc03</strong></span> <span class='ocrx_word' id='word_1_27' title='bbox 399 767 448 828; x_wconf 85' lang='lat' dir='ltr'><strong>sin</strong></span> <span class='ocrx_word' id='word_1_28' title='bbox 471 786 549 828; x_wconf 86' lang='lat' dir='ltr'><strong>vero</strong></span> <span class='ocrx_word' id='word_1_29' title='bbox 572 787 646 830; x_wconf 83' lang='lat' dir='ltr'><strong>eam</strong></span> <span class='ocrx_word' id='word_1_30' title='bbox 664 765 947 848; x_wconf 85' lang='lat' dir='ltr'><strong>animadverteret,</strong></span> <span class='ocrx_word' id='word_1_31' title='bbox 970 782 1009 826; x_wconf 89' lang='lat' dir='ltr'><strong>se</strong></span> <span class='ocrx_word' id='word_1_32' title='bbox 1029 764 1127 848; x_wconf 85' lang='lat' dir='ltr'><strong>scira,</strong></span> <span class='ocrx_word' id='word_1_33' title='bbox 1151 775 1283 846; x_wconf 86' lang='lat' dir='ltr'><strong>gentem</strong></span> <span class='ocrx_word' id='word_1_34' title='bbox 1303 766 1370 826; x_wconf 88' lang='lat' dir='ltr'><strong>sibi</strong></span> 
     </span>
     <span class='ocr_line' id='line_1_6' title="bbox 261 870 1370 953; baseline 0 -19"><span class='ocrx_word' id='word_1_35' title='bbox 261 871 400 934; x_wconf 78' lang='lat' dir='ltr'><strong>debitam</strong></span> <span class='ocrx_word' id='word_1_36' title='bbox 421 881 617 935; x_wconf 76' lang='lat' dir='ltr'><strong>commeatus</strong></span> <span class='ocrx_word' id='word_1_37' title='bbox 638 875 816 953; x_wconf 85' lang='lat' dir='ltr'><strong>portionem</strong></span> <span class='ocrx_word' id='word_1_38' title='bbox 838 879 1104 932; x_wconf 81' lang='lat' dir='ltr'><strong>conservaturam</strong></span> <span class='ocrx_word' id='word_1_39' title='bbox 1132 887 1216 934; x_wconf 84' lang='lat' dir='ltr'><strong>esse.</strong></span> <span class='ocrx_word' id='word_1_40' title='bbox 1260 870 1370 949; x_wconf 82' lang='lat' dir='ltr'><strong>Quum</strong></span> 
     </span>
     <span class='ocr_line' id='line_1_7' title="bbox 262 976 1372 1059; baseline -0.001 -20"><span class='ocrx_word' id='word_1_41' title='bbox 262 979 358 1058; x_wconf 79' lang='lat' dir='ltr'><strong>igitar</strong></span> <span class='ocrx_word' id='word_1_42' title='bbox 377 994 460 1059; x_wconf 78' lang='lat' dir='ltr'><strong>gens</strong></span> <span class='ocrx_word' id='word_1_43' title='bbox 483 977 557 1040; x_wconf 87' lang='lat' dir='ltr'><strong>iliud</strong></span> <span class='ocrx_word' id='word_1_44' title='bbox 579 980 713 1040; x_wconf 80' lang='lat' dir='ltr'><strong>tentanti</strong></span> <span class='ocrx_word' id='word_1_45' title='bbox 734 980 955 1058; x_wconf 80' lang='lat' dir='ltr'><strong>inclamasset,</strong></span> <span class='ocrx_word' id='word_1_46' title='bbox 977 976 1066 1038; x_wconf 85' lang='lat' dir='ltr'><strong>fratri</strong></span> <span class='ocrx_word' id='word_1_47' title='bbox 1093 976 1157 1037; x_wconf 87' lang='lat' dir='ltr'><strong>ista</strong></span> <span class='ocrx_word' id='word_1_48' title='bbox 1185 976 1287 1039; x_wconf 86' lang='lat' dir='ltr'><strong>verba</strong></span> <span class='ocrx_word' id='word_1_49' title='bbox 1316 977 1372 1038; x_wconf 89' lang='lat' dir='ltr'><strong>di-</strong></span> 
     </span>
    </p>
   </div>
   <div class='ocr_carea' id='block_1_3' title="bbox 262 1083 1373 1254">
    <p class='ocr_par' dir='ltr' id='par_1_3' title="bbox 262 1083 1373 1254">
     <span class='ocr_line' id='line_1_8' title="bbox 262 1083 1373 1168; baseline -0.001 -22"><span class='ocrx_word' id='word_1_50' title='bbox 262 1085 320 1148; x_wconf 88' lang='lat' dir='ltr'><strong>xit.</strong></span> <span class='ocrx_word' id='word_1_51' title='bbox 362 1085 481 1148; x_wconf 86' lang='lat' dir='ltr'><strong>Verbis</strong></span> <span class='ocrx_word' id='word_1_52' title='bbox 502 1086 661 1168; x_wconf 88' lang='lat' dir='ltr'><strong>proverbii</strong></span> <span class='ocrx_word' id='word_1_53' title='bbox 684 1087 779 1158; x_wconf 89' lang='lat' dir='ltr'><strong>utitur</strong></span> <span class='ocrx_word' id='word_1_54' title='bbox 804 1105 842 1147; x_wconf 82' lang='lat' dir='ltr'><strong>sc</strong></span> <span class='ocrx_word' id='word_1_55' title='bbox 864 1101 1028 1147; x_wconf 83' lang='lat' dir='ltr'><strong>excusans</strong></span> <span class='ocrx_word' id='word_1_56' title='bbox 1057 1083 1228 1147; x_wconf 81' lang='lat' dir='ltr'><strong>manifesta</strong></span> <span class='ocrx_word' id='word_1_57' title='bbox 1260 1097 1373 1147; x_wconf 82' lang='lat' dir='ltr'><strong>excu-</strong></span> 
     </span>
     <span class='ocr_line' id='line_1_9' title="bbox 265 1187 1076 1254; baseline -0.001 -2"><span class='ocrx_word' id='word_1_58' title='bbox 265 1193 399 1254; x_wconf 76' lang='lat' dir='ltr'><strong>satione.</strong></span> <span class='ocrx_word' id='word_1_59' title='bbox 1072 1187 1076 1194; x_wconf 78' lang='grc'><strong>’</strong></span> 
     </span>
    </p>
   </div>
   <div class='ocr_carea' id='block_1_4' title="bbox 482 1287 1155 1470">
    <p class='ocr_par' dir='ltr' id='par_1_4' title="bbox 482 1287 1155 1470">
     <span class='ocr_line' id='line_1_10' title="bbox 482 1287 1155 1470; baseline 0 -42"><span class='ocrx_word' id='word_1_60' title='bbox 482 1287 1155 1470; x_wconf 41' lang='grc' dir='ltr'><strong>ὢῶᾈῶω</strong></span> 
     </span>
    </p>
   </div>
   <div class='ocr_carea' id='block_1_5' title="bbox 181 1539 1381 2286">
    <p class='ocr_par' dir='ltr' id='par_1_5' title="bbox 270 1539 1198 1642">
     <span class='ocr_line' id='line_1_11' title="bbox 270 1539 1198 1642; baseline -0.002 -24"><span class='ocrx_word' id='word_1_61' title='bbox 270 1553 351 1620; x_wconf 72' lang='lat'><strong>112.</strong></span> <span class='ocrx_word' id='word_1_62' title='bbox 404 1547 522 1618; x_wconf 80' lang='lat' dir='ltr'><strong>Tinea</strong></span> <span class='ocrx_word' id='word_1_63' title='bbox 552 1572 666 1642; x_wconf 84' lang='lat' dir='ltr'><strong>parva</strong></span> <span class='ocrx_word' id='word_1_64' title='bbox 694 1539 820 1621; x_wconf 83' lang='lat' dir='ltr'><strong>cutem</strong></span> <span class='ocrx_word' id='word_1_65' title='bbox 845 1545 1012 1642; x_wconf 81' lang='lat' dir='ltr'><strong>glabram</strong></span> <span class='ocrx_word' id='word_1_66' title='bbox 1039 1543 1198 1618; x_wconf 84' lang='lat' dir='ltr'><strong>adrodit.</strong></span> 
     </span>
    </p>

    <p class='ocr_par' dir='ltr' id='par_1_6' title="bbox 181 1665 1381 2286">
     <span class='ocr_line' id='line_1_12' title="bbox 181 1665 1377 1755; baseline -0.003 -21"><span class='ocrx_word' id='word_1_67' title='bbox 181 1725 188 1738; x_wconf 84' lang='grc'><strong><em>,</em></strong></span> <span class='ocrx_word' id='word_1_68' title='bbox 307 1673 446 1734; x_wconf 82' lang='lat' dir='ltr'><strong>Metram</strong></span> <span class='ocrx_word' id='word_1_69' title='bbox 455 1665 577 1750; x_wconf 77' lang='lat' dir='ltr'><strong>Redjes</strong></span> <span class='ocrx_word' id='word_1_70' title='bbox 585 1680 644 1734; x_wconf 84' lang='lat' dir='ltr'><strong>cst</strong></span> <span class='ocrx_word' id='word_1_71' title='bbox 652 1673 688 1732; x_wconf 89' lang='lat' dir='ltr'><strong>Iu</strong></span> <span class='ocrx_word' id='word_1_72' title='bbox 696 1673 800 1738; x_wconf 89' lang='lat' dir='ltr'><strong>virum</strong></span> <span class='ocrx_word' id='word_1_73' title='bbox 812 1672 935 1755; x_wconf 85' lang='lat' dir='ltr'><strong>dicitur,</strong></span> <span class='ocrx_word' id='word_1_74' title='bbox 948 1672 1000 1753; x_wconf 93' lang='lat' dir='ltr'><strong>qui</strong></span> <span class='ocrx_word' id='word_1_75' title='bbox 1008 1672 1073 1734; x_wconf 88' lang='lat' dir='ltr'><strong>vim</strong></span> <span class='ocrx_word' id='word_1_76' title='bbox 1080 1689 1171 1734; x_wconf 84' lang='lat' dir='ltr'><strong>suam</strong></span> <span class='ocrx_word' id='word_1_77' title='bbox 1182 1688 1334 1732; x_wconf 82' lang='lat' dir='ltr'><strong>exserere</strong></span> <span class='ocrx_word' id='word_1_78' title='bbox 1343 1672 1377 1731; x_wconf 86' lang='lat' dir='ltr'><strong>iu</strong></span> 
     </span>
     <span class='ocr_line' id='line_1_13' title="bbox 266 1775 1378 1858; baseline 0 -20"><span class='ocrx_word' id='word_1_79' title='bbox 266 1795 335 1838; x_wconf 88' lang='lat' dir='ltr'><strong>rem</strong></span> <span class='ocrx_word' id='word_1_80' title='bbox 355 1783 474 1858; x_wconf 84' lang='lat' dir='ltr'><strong>tentat,</strong></span> <span class='ocrx_word' id='word_1_81' title='bbox 516 1793 582 1840; x_wconf 86' lang='lat' dir='ltr'><strong>rem</strong></span> <span class='ocrx_word' id='word_1_82' title='bbox 611 1785 718 1839; x_wconf 83' lang='lat' dir='ltr'><strong>autam</strong></span> <span class='ocrx_word' id='word_1_83' title='bbox 745 1775 898 1856; x_wconf 78' lang='lat' dir='ltr'><strong>perficere</strong></span> <span class='ocrx_word' id='word_1_84' title='bbox 932 1797 996 1838; x_wconf 86' lang='lat' dir='ltr'><strong>non</strong></span> <span class='ocrx_word' id='word_1_85' title='bbox 1025 1785 1143 1858; x_wconf 81' lang='lat' dir='ltr'><strong>potest.</strong></span> <span class='ocrx_word' id='word_1_86' title='bbox 1193 1775 1378 1838; x_wconf 82' lang='lat' dir='ltr'><strong>Aiebnafus</strong></span> 
     </span>
     <span class='ocr_line' id='line_1_14' title="bbox 270 1881 1379 1965; baseline 0.003 -22"><span class='ocrx_word' id='word_1_87' title='bbox 270 1882 444 1964; x_wconf 87' lang='lat' dir='ltr'><strong>ben-Kais,</strong></span> <span class='ocrx_word' id='word_1_88' title='bbox 473 1881 526 1963; x_wconf 92' lang='lat' dir='ltr'><strong>qui</strong></span> <span class='ocrx_word' id='word_1_89' title='bbox 550 1883 723 1964; x_wconf 84' lang='lat' dir='ltr'><strong>principem</strong></span> <span class='ocrx_word' id='word_1_90' title='bbox 745 1883 898 1964; x_wconf 80' lang='lat' dir='ltr'><strong>Ahiijjum</strong></span> <span class='ocrx_word' id='word_1_91' title='bbox 921 1883 1211 1945; x_wconf 76' lang='lat' dir='ltr'><strong>ben-Abi-&#39;I&#39;haleb</strong></span> <span class='ocrx_word' id='word_1_92' title='bbox 1228 1903 1379 1965; x_wconf 85' lang='lat' dir='ltr'><strong>rogave-</strong></span> 
     </span>
     <span class='ocr_line' id='line_1_15' title="bbox 217 1990 1380 2072; baseline -0.001 -18"><span class='ocrx_word' id='word_1_93' title='bbox 217 1995 223 2004; x_wconf 83' lang='lat'><em>‘</em></span> <span class='ocrx_word' id='word_1_94' title='bbox 268 1998 337 2072; x_wconf 78' lang='lat' dir='ltr'><strong>rat,</strong></span> <span class='ocrx_word' id='word_1_95' title='bbox 360 2000 392 2052; x_wconf 92' lang='lat' dir='ltr'><strong>ut</strong></span> <span class='ocrx_word' id='word_1_96' title='bbox 413 1990 647 2072; x_wconf 80' lang='lat' dir='ltr'><strong>praefecturam</strong></span> <span class='ocrx_word' id='word_1_97' title='bbox 669 1993 728 2072; x_wconf 86' lang='lat' dir='ltr'><strong>ipsi</strong></span> <span class='ocrx_word' id='word_1_98' title='bbox 750 1990 887 2055; x_wconf 84' lang='lat' dir='ltr'><strong>traderet</strong></span> <span class='ocrx_word' id='word_1_99' title='bbox 909 1999 942 2052; x_wconf 90' lang='lat' dir='ltr'><strong>et</strong></span> <span class='ocrx_word' id='word_1_100' title='bbox 963 1992 1025 2052; x_wconf 90' lang='lat' dir='ltr'><strong>hac</strong></span> <span class='ocrx_word' id='word_1_101' title='bbox 1047 1990 1087 2052; x_wconf 88' lang='lat' dir='ltr'><strong>de</strong></span> <span class='ocrx_word' id='word_1_102' title='bbox 1109 2009 1211 2056; x_wconf 83' lang='lat' dir='ltr'><strong>causa</strong></span> <span class='ocrx_word' id='word_1_103' title='bbox 1237 1992 1275 2054; x_wconf 90' lang='lat' dir='ltr'><strong>ab</strong></span> <span class='ocrx_word' id='word_1_104' title='bbox 1300 1993 1380 2056; x_wconf 87' lang='lat' dir='ltr'><strong>Ha-</strong></span> 
     </span>
     <span class='ocr_line' id='line_1_16' title="bbox 270 2097 1381 2182; baseline 0.002 -22"><span class='ocrx_word' id='word_1_105' title='bbox 270 2097 389 2161; x_wconf 81' lang='lat' dir='ltr'><strong>ritsalic</strong></span> <span class='ocrx_word' id='word_1_106' title='bbox 415 2098 476 2160; x_wconf 86' lang='lat' dir='ltr'><strong>ben</strong></span> <span class='ocrx_word' id='word_1_107' title='bbox 505 2098 592 2162; x_wconf 88' lang='lat' dir='ltr'><strong>Badr</strong></span> <span class='ocrx_word' id='word_1_108' title='bbox 622 2099 742 2162; x_wconf 84' lang='lat' dir='ltr'><strong>absens</strong></span> <span class='ocrx_word' id='word_1_109' title='bbox 764 2100 966 2178; x_wconf 81' lang='lat' dir='ltr'><strong>vituperatus</strong></span> <span class='ocrx_word' id='word_1_110' title='bbox 988 2107 1069 2182; x_wconf 89' lang='lat' dir='ltr'><strong>erat,</strong></span> <span class='ocrx_word' id='word_1_111' title='bbox 1092 2107 1203 2161; x_wconf 83' lang='lat' dir='ltr'><strong>contra</strong></span> <span class='ocrx_word' id='word_1_112' title='bbox 1224 2098 1381 2162; x_wconf 83' lang='lat' dir='ltr'><strong>Haritsa-</strong></span> 
     </span>
     <span class='ocr_line' id='line_1_17' title="bbox 269 2203 1283 2286; baseline -0.001 -20"><span class='ocrx_word' id='word_1_113' title='bbox 269 2205 344 2266; x_wconf 90' lang='lat' dir='ltr'><strong>hum</strong></span> <span class='ocrx_word' id='word_1_114' title='bbox 366 2205 447 2268; x_wconf 87' lang='lat' dir='ltr'><strong>haec</strong></span> <span class='ocrx_word' id='word_1_115' title='bbox 468 2207 569 2269; x_wconf 89' lang='lat' dir='ltr'><strong>verba</strong></span> <span class='ocrx_word' id='word_1_116' title='bbox 590 2207 739 2273; x_wconf 90' lang='lat' dir='ltr'><strong>adhibuit.</strong></span> <span class='ocrx_word' id='word_1_117' title='bbox 781 2207 871 2267; x_wconf 89' lang='lat' dir='ltr'><strong>Dixit</strong></span> <span class='ocrx_word' id='word_1_118' title='bbox 893 2213 990 2286; x_wconf 85' lang='lat' dir='ltr'><strong>poeta</strong></span> <span class='ocrx_word' id='word_1_119' title='bbox 1010 2203 1283 2284; x_wconf 83' lang='lat' dir='ltr'><strong>Almochajjelus:</strong></span> 
     </span>
    </p>
   </div>
   <div class='ocr_carea' id='block_1_6' title="bbox 360 2317 1303 2490">
    <p class='ocr_par' dir='ltr' id='par_1_7' title="bbox 360 2317 1303 2490">
     <span class='ocr_line' id='line_1_18' title="bbox 360 2317 1303 2490; baseline 0.002 -64"><span class='ocrx_word' id='word_1_120' title='bbox 360 2317 1303 2490; x_wconf 40' lang='lat' dir='ltr'><strong>ffisswfflmssffiffffip</strong></span> 
     </span>
    </p>
   </div>
   <div class='ocr_carea' id='block_1_7' title="bbox 278 2529 1388 3255">
    <p class='ocr_par' dir='ltr' id='par_1_8' title="bbox 278 2529 1385 2828">
     <span class='ocr_line' id='line_1_19' title="bbox 278 2529 1383 2620; baseline 0.011 -32"><span class='ocrx_word' id='word_1_121' title='bbox 278 2529 391 2610; x_wconf 69' lang='lat' dir='ltr'><strong>„Quod</strong></span> <span class='ocrx_word' id='word_1_122' title='bbox 412 2531 440 2592; x_wconf 89' lang='lat' dir='ltr'><strong>si</strong></span> <span class='ocrx_word' id='word_1_123' title='bbox 465 2551 535 2614; x_wconf 91' lang='lat' dir='ltr'><strong>nos,</strong></span> <span class='ocrx_word' id='word_1_124' title='bbox 558 2552 655 2614; x_wconf 90' lang='lat' dir='ltr'><strong>quum</strong></span> <span class='ocrx_word' id='word_1_125' title='bbox 678 2531 738 2613; x_wconf 89' lang='lat' dir='ltr'><strong>ipsi</strong></span> <span class='ocrx_word' id='word_1_126' title='bbox 760 2535 843 2594; x_wconf 89' lang='lat' dir='ltr'><strong>viles</strong></span> <span class='ocrx_word' id='word_1_127' title='bbox 852 2535 936 2617; x_wconf 86' lang='lat' dir='ltr'><strong>sitis,</strong></span> <span class='ocrx_word' id='word_1_128' title='bbox 959 2536 1162 2619; x_wconf 69' lang='lat' dir='ltr'><strong>vituperatur,</strong></span> <span class='ocrx_word' id='word_1_129' title='bbox 1184 2539 1314 2620; x_wconf 84' lang='lat' dir='ltr'><strong>scitote,</strong></span> <span class='ocrx_word' id='word_1_130' title='bbox 1335 2541 1383 2600; x_wconf 88' lang='lat' dir='ltr'><strong>ti·</strong></span> 
     </span>
     <span class='ocr_line' id='line_1_20' title="bbox 318 2637 1385 2723; baseline 0.006 -23"><span class='ocrx_word' id='word_1_131' title='bbox 318 2658 410 2702; x_wconf 87' lang='lat' dir='ltr'><strong>neam</strong></span> <span class='ocrx_word' id='word_1_132' title='bbox 439 2647 546 2702; x_wconf 87' lang='lat' dir='ltr'><strong>cutem</strong></span> <span class='ocrx_word' id='word_1_133' title='bbox 568 2640 714 2723; x_wconf 84' lang='lat' dir='ltr'><strong>glabram</strong></span> <span class='ocrx_word' id='word_1_134' title='bbox 728 2637 912 2702; x_wconf 80' lang='lat' dir='ltr'><strong>arrodere.“</strong></span> <span class='ocrx_word' id='word_1_135' title='bbox 934 2642 1094 2721; x_wconf 79' lang='lat' dir='ltr'><strong>(Mettum</strong></span> <span class='ocrx_word' id='word_1_136' title='bbox 1116 2645 1297 2708; x_wconf 87' lang='lat' dir='ltr'><strong>Motakarib</strong></span> <span class='ocrx_word' id='word_1_137' title='bbox 1321 2656 1385 2708; x_wconf 82' lang='lat' dir='ltr'><strong>est.</strong></span> 
     </span>
     <span class='ocr_line' id='line_1_21' title="bbox 278 2747 655 2828; baseline 0.005 -21"><span class='ocrx_word' id='word_1_138' title='bbox 278 2755 338 2808; x_wconf 86' lang='lat' dir='ltr'><strong>est.</strong></span> <span class='ocrx_word' id='word_1_139' title='bbox 361 2763 389 2808; x_wconf 91' lang='lat' dir='ltr'><strong>c.</strong></span> <span class='ocrx_word' id='word_1_140' title='bbox 411 2748 430 2809; x_wconf 86' lang='lat'><strong>1.</strong></span> <span class='ocrx_word' id='word_1_141' title='bbox 449 2766 489 2808; x_wconf 88' lang='lat' dir='ltr'><strong>m.</strong></span> <span class='ocrx_word' id='word_1_142' title='bbox 512 2768 543 2828; x_wconf 91' lang='lat' dir='ltr'><strong>p.</strong></span> <span class='ocrx_word' id='word_1_143' title='bbox 564 2747 655 2827; x_wconf 76' lang='lat'><strong>281.)</strong></span> 
     </span>
    </p>

    <p class='ocr_par' dir='ltr' id='par_1_9' title="bbox 278 2853 1388 3255">
     <span class='ocr_line' id='line_1_22' title="bbox 360 2853 1388 2948; baseline 0.004 -33"><span class='ocrx_word' id='word_1_144' title='bbox 360 2853 567 2916; x_wconf 87' lang='lat' dir='ltr'><strong>Proverbium</strong></span> <span class='ocrx_word' id='word_1_145' title='bbox 588 2853 767 2938; x_wconf 85' lang='lat' dir='ltr'><strong>significat,</strong></span> <span class='ocrx_word' id='word_1_146' title='bbox 790 2857 895 2918; x_wconf 90' lang='lat' dir='ltr'><strong>virum</strong></span> <span class='ocrx_word' id='word_1_147' title='bbox 924 2858 1061 2948; x_wconf 77' lang='lat' dir='ltr'><strong>eiusque</strong></span> <span class='ocrx_word' id='word_1_148' title='bbox 1091 2874 1273 2919; x_wconf 86' lang='lat' dir='ltr'><strong>sermonem</strong></span> <span class='ocrx_word' id='word_1_149' title='bbox 1299 2874 1388 2919; x_wconf 90' lang='lat' dir='ltr'><strong>con-</strong></span> 
     </span>
     <span class='ocr_line' id='line_1_23' title="bbox 278 2945 1387 3048; baseline 0.005 -28"><span class='ocrx_word' id='word_1_150' title='bbox 278 2960 482 3022; x_wconf 85' lang='lat' dir='ltr'><strong>temnendum</strong></span> <span class='ocrx_word' id='word_1_151' title='bbox 514 2979 599 3022; x_wconf 83' lang='lat' dir='ltr'><strong>csse.</strong></span> <span class='ocrx_word' id='word_1_152' title='bbox 642 2955 836 3041; x_wconf 86' lang='lat' dir='ltr'><strong>Djeuh&#39;arius</strong></span> <span class='ocrx_word' id='word_1_153' title='bbox 859 2964 935 3026; x_wconf 89' lang='lat' dir='ltr'><strong>dicit</strong></span> <span class='ocrx_word' id='word_1_154' title='bbox 940 2945 988 3048; x_wconf 53' lang='lat'><strong>,³</strong></span> <span class='ocrx_word' id='word_1_155' title='bbox 996 2945 1200 3044; x_wconf 76' lang='lat' dir='ltr'><strong>pioverbium</strong></span> <span class='ocrx_word' id='word_1_156' title='bbox 1232 2963 1272 3025; x_wconf 91' lang='lat' dir='ltr'><strong>de</strong></span> <span class='ocrx_word' id='word_1_157' title='bbox 1299 2963 1387 3046; x_wconf 89' lang='lat' dir='ltr'><strong>viro,</strong></span> 
     </span>
     <span class='ocr_line' id='line_1_24' title="bbox 280 3063 1388 3153; baseline 0.005 -25"><span class='ocrx_word' id='word_1_158' title='bbox 280 3068 331 3150; x_wconf 88' lang='lat' dir='ltr'><strong>qui</strong></span> <span class='ocrx_word' id='word_1_159' title='bbox 340 3063 405 3128; x_wconf 90' lang='lat' dir='ltr'><strong>vim</strong></span> <span class='ocrx_word' id='word_1_160' title='bbox 413 3085 504 3128; x_wconf 87' lang='lat' dir='ltr'><strong>suam</strong></span> <span class='ocrx_word' id='word_1_161' title='bbox 514 3077 777 3132; x_wconf 86' lang='lat' dir='ltr'><strong>exsereretentet</strong></span> <span class='ocrx_word' id='word_1_162' title='bbox 785 3115 795 3153; x_wconf 93' lang='lat'><strong>,</strong></span> <span class='ocrx_word' id='word_1_163' title='bbox 812 3069 1203 3151; x_wconf 86' lang='lat' dir='ltr'><strong>sednilvaleat,adhiberi.</strong></span> <span class='ocrx_word' id='word_1_164' title='bbox 1220 3071 1388 3149; x_wconf 80' lang='lat' dir='ltr'><strong>Samacb-</strong></span> 
     </span>
     <span class='ocr_line' id='line_1_25' title="bbox 280 3172 1384 3255; baseline 0.001 -20"><span class='ocrx_word' id='word_1_165' title='bbox 280 3173 425 3235; x_wconf 80' lang='lat' dir='ltr'><strong>acharius</strong></span> <span class='ocrx_word' id='word_1_166' title='bbox 447 3172 532 3255; x_wconf 89' lang='lat' dir='ltr'><strong>dicit,</strong></span> <span class='ocrx_word' id='word_1_167' title='bbox 555 3175 756 3254; x_wconf 86' lang='lat' dir='ltr'><strong>proverbium</strong></span> <span class='ocrx_word' id='word_1_168' title='bbox 778 3175 819 3238; x_wconf 89' lang='lat' dir='ltr'><strong>de</strong></span> <span class='ocrx_word' id='word_1_169' title='bbox 845 3177 898 3237; x_wconf 90' lang='lat' dir='ltr'><strong>vili</strong></span> <span class='ocrx_word' id='word_1_170' title='bbox 917 3175 1078 3255; x_wconf 84' lang='lat' dir='ltr'><strong>adhiberi,</strong></span> <span class='ocrx_word' id='word_1_171' title='bbox 1109 3175 1162 3255; x_wconf 92' lang='lat' dir='ltr'><strong>qui</strong></span> <span class='ocrx_word' id='word_1_172' title='bbox 1193 3174 1306 3235; x_wconf 80' lang='lat' dir='ltr'><strong>nobilis</strong></span> <span class='ocrx_word' id='word_1_173' title='bbox 1334 3174 1384 3236; x_wconf 90' lang='lat' dir='ltr'><strong>di-</strong></span> 
     </span>
    </p>
   </div>
   <div class='ocr_carea' id='block_1_8' title="bbox 280 3267 1391 3468">
    <p class='ocr_par' dir='ltr' id='par_1_10' title="bbox 280 3267 1391 3468">
     <span class='ocr_line' id='line_1_26' title="bbox 280 3267 1391 3364; baseline 0.002 -22"><span class='ocrx_word' id='word_1_174' title='bbox 280 3280 435 3362; x_wconf 86' lang='lat' dir='ltr'><strong>gnitatem</strong></span> <span class='ocrx_word' id='word_1_175' title='bbox 457 3279 628 3342; x_wconf 85' lang='lat' dir='ltr'><strong>diminuere</strong></span> <span class='ocrx_word' id='word_1_176' title='bbox 649 3290 752 3344; x_wconf 87' lang='lat' dir='ltr'><strong>tentet</strong></span> <span class='ocrx_word' id='word_1_177' title='bbox 775 3293 807 3346; x_wconf 87' lang='lat' dir='ltr'><strong>et</strong></span> <span class='ocrx_word' id='word_1_178' title='bbox 829 3281 869 3346; x_wconf 88' lang='lat' dir='ltr'><strong>de</strong></span> <span class='ocrx_word' id='word_1_179' title='bbox 890 3301 951 3364; x_wconf 86' lang='lat' dir='ltr'><strong>eo,</strong></span> <span class='ocrx_word' id='word_1_180' title='bbox 996 3267 1103 3364; x_wconf 82' lang='lat' dir='ltr'><strong>quiin</strong></span> <span class='ocrx_word' id='word_1_181' title='bbox 1125 3299 1171 3363; x_wconf 87' lang='lat' dir='ltr'><strong>re,</strong></span> <span class='ocrx_word' id='word_1_182' title='bbox 1194 3297 1291 3363; x_wconf 90' lang='lat' dir='ltr'><strong>quam</strong></span> <span class='ocrx_word' id='word_1_183' title='bbox 1304 3287 1391 3344; x_wconf 83' lang='lat' dir='ltr'><strong>sus-</strong></span> 
     </span>
     <span class='ocr_line' id='line_1_27' title="bbox 282 3386 775 3468; baseline 0.006 -20"><span class='ocrx_word' id='word_1_184' title='bbox 282 3387 413 3468; x_wconf 83' lang='lat' dir='ltr'><strong>ceperit,</strong></span> <span class='ocrx_word' id='word_1_185' title='bbox 435 3387 478 3448; x_wconf 92' lang='lat' dir='ltr'><strong>nil</strong></span> <span class='ocrx_word' id='word_1_186' title='bbox 499 3387 617 3451; x_wconf 83' lang='lat' dir='ltr'><strong>valeat.</strong></span> <span class='ocrx_word' id='word_1_187' title='bbox 655 3405 658 3416; x_wconf 91' lang='grc'><strong><em>’</em></strong></span> <span class='ocrx_word' id='word_1_188' title='bbox 771 3386 775 3394; x_wconf 83' lang='grc'><strong>’</strong></span> 
     </span>
    </p>
   </div>
   <div class='ocr_carea' id='block_1_9' title="bbox 289 3495 1395 4126">
    <p class='ocr_par' dir='ltr' id='par_1_11' title="bbox 444 3495 1248 3719">
     <span class='ocr_line' id='line_1_28' title="bbox 444 3495 1248 3719; baseline 0.005 -70"><span class='ocrx_word' id='word_1_189' title='bbox 444 3495 1248 3719; x_wconf 43' lang='lat' dir='ltr'><strong>ptpffjfabuien</strong></span> 
     </span>
    </p>

    <p class='ocr_par' dir='ltr' id='par_1_12' title="bbox 289 3723 1395 4126">
     <span class='ocr_line' id='line_1_29' title="bbox 289 3723 1393 3880; baseline 0 -32"><span class='ocrx_word' id='word_1_190' title='bbox 289 3784 369 3850; x_wconf 74' lang='lat'><strong>1132</strong></span> <span class='ocrx_word' id='word_1_191' title='bbox 415 3723 591 3874; x_wconf 46' lang='lat' dir='ltr'><strong>&#39;Inbguae</strong></span> <span class='ocrx_word' id='word_1_192' title='bbox 616 3771 839 3846; x_wconf 81' lang='lat' dir='ltr'><strong>difficultate</strong></span> <span class='ocrx_word' id='word_1_193' title='bbox 865 3774 1054 3867; x_wconf 87' lang='lat' dir='ltr'><strong>laborans,</strong></span> <span class='ocrx_word' id='word_1_194' title='bbox 1082 3779 1148 3880; x_wconf 88' lang='lat' dir='ltr'><strong>qui</strong></span> <span class='ocrx_word' id='word_1_195' title='bbox 1187 3775 1282 3865; x_wconf 85' lang='lat' dir='ltr'><strong>silet,</strong></span> <span class='ocrx_word' id='word_1_196' title='bbox 1314 3802 1393 3848; x_wconf 86' lang='lat' dir='ltr'><strong>me-</strong></span> 
     </span>
     <span class='ocr_line' id='line_1_30' title="bbox 419 3896 1395 4005; baseline 0.005 -35"><span class='ocrx_word' id='word_1_197' title='bbox 419 3897 492 3971; x_wconf 85' lang='lat' dir='ltr'><strong>iior</strong></span> <span class='ocrx_word' id='word_1_198' title='bbox 526 3913 600 3986; x_wconf 85' lang='lat' dir='ltr'><strong>est,</strong></span> <span class='ocrx_word' id='word_1_199' title='bbox 623 3913 752 3998; x_wconf 82' lang='lat' dir='ltr'><strong>&#39;quarn</strong></span> <span class='ocrx_word' id='word_1_200' title='bbox 778 3896 930 3998; x_wconf 83' lang='lat' dir='ltr'><strong>linguae</strong></span> <span class='ocrx_word' id='word_1_201' title='bbox 954 3897 1174 4005; x_wconf 82' lang='lat' dir='ltr'><strong>difficultate</strong></span> <span class='ocrx_word' id='word_1_202' title='bbox 1199 3897 1395 3996; x_wconf 76' lang='lat' dir='ltr'><strong>laborans,</strong></span> 
     </span>
     <span class='ocr_line' id='line_1_31' title="bbox 423 4023 701 4126; baseline -0.018 -28"><span class='ocrx_word' id='word_1_203' title='bbox 423 4027 490 4126; x_wconf 90' lang='lat' dir='ltr'><strong>qui</strong></span> <span class='ocrx_word' id='word_1_204' title='bbox 515 4023 701 4125; x_wconf 83' lang='lat' dir='ltr'><strong>loquitur.</strong></span> 
     </span>
    </p>
   </div>
   <div class='ocr_carea' id='block_1_10' title="bbox 249 4175 1395 4280">
    <p class='ocr_par' dir='ltr' id='par_1_13' title="bbox 249 4175 1395 4280">
     <span class='ocr_line' id='line_1_32' title="bbox 249 4175 1395 4280; baseline 0.001 -43"><span class='ocrx_word' id='word_1_205' title='bbox 249 4253 257 4274; x_wconf 38' lang='grc' dir='ltr'><strong>ι</strong></span> <span class='ocrx_word' id='word_1_206' title='bbox 322 4177 727 4280; x_wconf 50' lang='grc' dir='ltr'><strong>Εηυηοίᾳῐιιτᾳμοᾳιιεσι</strong></span> <span class='ocrx_word' id='word_1_207' title='bbox 754 4177 906 4258; x_wconf 70' lang='lat' dir='ltr'><strong>”linguae</strong></span> <span class='ocrx_word' id='word_1_208' title='bbox 935 4175 1138 4265; x_wconf 68' lang='lat' dir='ltr'><strong>difficultas«.</strong></span> <span class='ocrx_word' id='word_1_209' title='bbox 1180 4177 1395 4276; x_wconf 72' lang='lat' dir='ltr'><strong>Proverbium</strong></span> 
     </span>
    </p>
   </div>
   <div class='ocr_carea' id='block_1_11' title="bbox 0 0 1527 4920">
    <p class='ocr_par' dir='ltr' id='par_1_14' title="bbox 0 0 1527 4920">
     <span class='ocr_line' id='line_1_33' title="bbox 0 0 1527 4920; baseline 0 0"><span class='ocrx_word' id='word_1_210' title='bbox 0 0 1527 4920; x_wconf 95' lang='lat' dir='ltr'><strong> </strong></span> 
     </span>
    </p>
   </div>
  </div>
 </body>
</html>
