3056 4916
616 367 844 432 ..201-

298 575 1145 804 uortenda

176 885 237 959 49.
288 884 332 956 td
379 891 452 992 ian}
498 887 640 962 dictum
666 889 757 973 fuit,
801 894 877 964 sive
923 918 1053 964 verum
1107 895 1153 966 sit
1196 895 1273 963 sive

291 1008 435 1084 falsum.

220 1146 224 1154 ¹
261 1165 370 1233 Verba
389 1153 484 1247 haec,
508 1139 592 1250 quae
611 1189 727 1234 versus
758 1174 849 1237 metri
869 1174 982 1240 Basith
1004 1175 1054 1254 (p.
1076 1172 1152 1247 190)
1172 1171 1276 1234 hemi-

177 1272 325 1338 stiohtum
346 1275 572 1359 conuenisse
599 1287 726 1341 narrant
747 1280 980 1344 Atnohmanurn
1002 1269 1279 1343 ben-Almondsir
1317 1257 1324 1266 ⁹

177 1379 378 1444 Lachmitam
399 1382 545 1446 Rabiaho
567 1384 739 1464 ben-Sijad
762 1386 928 1470 Ahbsitae,
951 1387 1004 1468 qui
1025 1386 1096 1448 eius
1113 1392 1280 1464 compotor

178 1494 212 1546 et
221 1485 345 1548 amicus
355 1498 452 1552 esset.
476 1488 623 1568 Quodam
631 1494 934 1573 temporeAhmirus
950 1493 1051 1562 atati
1063 1493 1176 1580 qod-o
1187 1491 1278 1571 (cot-

176 1608 266 1670 iuser
281 1608 733 1700 cuspidrim)]oognominatus,
746 1609 1143 1699 Auhfus'beu-Alahwaz,
1159 1616 1279 1678 Sohai-

180 1719 315 1779 rnaben
337 1721 447 1800 Matio,
467 1721 606 1783 Lebidus
622 1723 849 1806 ben-Rabiah,
876 1723 1108 1786 Schammasue
1131 1724 1281 1786 Fesarita

178 1833 211 1884 et
225 1823 422 1887 Kailabahus
440 1827 578 1888 Asadita
592 1827 633 1889 ad
648 1847 759 1909 regem
773 1829 1010 1890 Alnohmanum
1028 1830 1088 1890 iter
1118 1830 1272 1891 fecerant.

178 1930 334 1993 Lebidum
348 1942 473 2011 autem,
496 1935 571 2013 quia
590 1935 728 1995 omnium
747 1935 893 1996 minimus
915 1929 1091 2015 natuerat,
1116 1935 1200 2014 apud
1220 1953 1280 1997 ca-

178 2037 281 2098 melos
303 2039 502 2118 reliquerant.
523 2038 597 2113 Rex
618 2059 677 2100 eos
697 2041 817 2101 honore
837 2039 971 2122 adfecit,
983 2039 1085 2101 donec
1105 2040 1279 2118 RabiahuS,

180 2144 233 2223 qui
260 2144 451 2204 auctoritate
478 2145 562 2223 apud
585 2163 693 2225 regem
717 2146 848 2206 multum
870 2135 998 2206 valebat
1005 2188 1017 2228 ,
1045 2163 1103 2206 eos
1124 2146 1279 2206 calumni-

179 2256 255 2311 atus
277 2257 354 2310 erat.
399 2251 533 2333 Summa
553 2252 648 2334 igitur
670 2251 800 2314 ‘tristitia
828 2249 945 2312 adfecti
968 2251 1008 2314 ad
1030 2251 1170 2338 camelos
1191 2251 1279 2313 redi-

180 2362 271 2416 erunt
292 2364 390 2417 totam
426 2376 491 2419 rem
520 2357 677 2420 Lebidum
706 2349 852 2431 celaturi,
885 2359 1001 2438 quippe
1024 2360 1114 2419 cuius
1135 2367 1237 2420 mater
1258 2379 1277 2418 e

179 2470 277 2543 gente
305 2462 397 2524 Ahbs
419 2463 562 2545 oriunda,
585 2451 868 2544 apudltabiahum
895 2465 1077 2556 parentinus
1104 2467 1215 2526 orbata
1230 2485 1275 2528 ,e-

179 2575 297 2638 ducata
317 2584 414 2638 esset.
457 2575 525 2640 Sed
546 2578 690 2640 Lebidus
713 2598 820 2640 eorum
839 2579 999 2650 tristitiam
1020 2579 1145 2660 videns,
1169 2579 1277 2658 preci·

178 2684 238 2745 bus
256 2701 371 2764 urgere
393 2702 450 2746 eos
472 2704 534 2745 non
547 2683 679 2766 destitit,
701 2685 803 2746 donec
824 2686 854 2746 ei
866 2687 1013 2770 tristitiae
1037 2703 1167 2776 causam
1180 2693 1277 2765 pate·-

177 2789 343 2862 fecisseut.
384 2791 527 2854 hebidus
548 2777 630 2855 haec
652 2792 796 2875 audiens,
818 2794 846 2854 si
869 2775 980 2872 ipsunt¹
1005 2792 1044 2853 ad
1073 2812 1184 2874 regem
1214 2793 1276 2855 du-

177 2899 315 2979 xissent,
338 2899 552 2980 promisityao
573 2899 661 2981 regis
682 2900 819 2960 animum
840 2899 879 2960 ab
902 2899 1048 2960 Rabiaho
1070 2887 1193 2961 omnino
1216 2901 1277 2962 oii-

178 3013 342 3067 enaturum
379 3023 463 3067 esse.
505 3005 631 3068 Relicto
670 3007 767 3086 igitur
804 3006 982 3068 Kailabaho
1023 3007 1159 3068 Asadita
1193 3008 1276 3085 apud

178 3112 332 3195 camelos,
355 3130 429 3174 cum
457 3112 580 3174 Lebido
616 3112 658 3174 ad
688 3131 798 3193 regem
829 3113 952 3172 reversi
973 3121 1057 3174 suut.
1099 3113 1276 3175 introducti

176 3216 411 3279 Alnohmanum
433 3217 621 3277 invenerunt
639 3233 711 3276 cum
725 3216 870 3279 Rabiaho
892 3217 996 3278 cibum
1009 3220 1193 3280 matutinum
1217 3239 1277 3282 fu-

178 3343 327 3396 mentem.
368 3331 529 3410 Lebidus,
563 3329 711 3411 loquendi
732 3331 827 3390 venia
850 3329 924 3391 data
930 3375 942 3414 7
969 3331 1102 3394 Rabiahi
1130 3334 1275 3415 podicem
1343 3347 1347 3366 ⁴

179 3445 265 3523 lepra
308 3441 471 3504 adiectum
509 3439 661 3500 uorsibus
706 3432 903 3498 (describens'
930 3438 998 3518 regi
1032 3445 1150 3500 tantum
1180 3441 1275 3502 fasti-

179 3549 263 3610 dium
292 3547 408 3628 movit,
442 3553 477 3607 ut
508 3545 615 3608 statim
639 3543 710 3608 cibo
739 3543 914 3604 abstineret
939 3542 1118 3605 Rabiahum
1139 3546 1277 3605 interro-
1307 3611 1313 3618 ,

178 3675 276 3738 gans:
319 3655 408 3716 Num
430 3663 464 3714 tu
485 3652 559 3714 talis
580 3646 642 3714 es?
684 3653 741 3712 ilie
770 3648 950 3729 respondit:
981 3649 1071 3729 Non,
1092 3669 1149 3730 per
1175 3648 1276 3712 Deam

178 3753 282 3824 nnat
304 3762 369 3823 Hic
394 3759 477 3822 filius
498 3759 597 3840 turpis
620 3755 795 3836 (feminae)
825 3757 974 3818 mentitus
1001 3763 1062 3818 est.
1105 3755 1171 3818 Sed
1202 3755 1280 3818 dixit
1371 3805 1372 3808 ,

178 3868 413 3931 Ainohmanus:
436 3865 507 3929 cibi
527 3865 591 3928 iam
611 3884 662 3926 me
690 3864 851 3927 fastidium
873 3864 967 3944 cepit.
1010 3863 1083 3926 Hac
1112 3861 1152 3925 de
1173 3876 1297 3926 (rausa¹

178 3973 344 4039 Rabienus
380 3975 481 4034 iratus
516 3971 677 4051 surrexit,
709 3980 742 4031 et
769 3969 920 4033 versibus
960 3985 1068 4050 regom
1101 3969 1277 4030 lacessivit.

67 4071 71 4078 ⁸
179 4081 269 4147 Dixit
289 4087 409 4162 autem,
430 4095 469 4139 se
489 4095 552 4140 non
572 4077 659 4157 prius
672 4075 826 4138 abiturum
841 4093 930 4158 esse,
954 4076 1056 4138 donec
1077 4095 1135 4138 rex
1144 4077 1276 4159 miserit,
1322 4145 1327 4152 Α

179 4187 232 4267 qni
266 4185 463 4267 inspectione
497 4184 582 4246 ilium
616 4183 778 4245 mentitum
819 4199 894 4243 asse
929 4192 1149 4264 cognosceret.
1199 4183 1273 4250 Rex

179 4301 287 4358 autem
309 4271 506 4374 respondens
533 4291 592 4355 hos
614 4291 692 4354 dixit
712 4307 845 4353 versus:
