3024 4912
623 311 863 376 ¹‚.aaa-·.

178 493 289 559 odium
315 512 389 559 oum
413 496 584 577 opulentia.
608 493 730 558 Mundo
747 496 986 560 vicissitudines
1007 507 1090 568 suut.
1114 499 1183 564 Res
1205 516 1292 582 quae

175 602 232 663 tibi
260 601 429 667 commodo
458 610 527 681 est,
555 599 618 664 etsi
646 600 757 662 debilis
794 620 852 684 es,
885 603 940 664 tibi
967 605 1134 687 continget
1155 615 1188 668 et
1209 623 1294 686 quae

176 716 290 770 contra
309 717 343 769 te
382 717 453 788 εει·,
483 725 554 768 eam
583 723 658 769 oum
680 707 795 769 robore
817 716 874 769 tuo
895 727 958 770 nou
979 711 1127 791 repelles.
1168 710 1293 774 Invidia

175 815 309 876 morbus
343 823 413 895 est,
444 814 498 876 cui
526 812 701 874 remedium
723 821 869 874 nonest.
912 811 1071 877 Gaudium
1096 818 1136 878 ob
1158 817 1290 879 aliorum

176 921 381 984 calamitates
402 919 540 1001 punitur.
584 916 650 995 Qui
672 917 755 980 diem
777 917 878 1000 videt,
900 921 1158 1000 eoconspicitur.
1202 923 1291 983 Ante

177 1028 299 1089 iactum
333 1026 505 1107 pharetrae
547 1026 724 1106 implentur.
768 1026 969 1088 Poenitentia
1005 1045 1075 1090 cum
1112 1029 1291 1110 ignorantia

176 1144 230 1198 est
251 1136 390 1197 fulcrum
409 1134 540 1216 ingenii.
583 1132 800 1196 Mansuetudo
831 1141 883 1195 est
904 1153 1010 1196 rerum
1032 1136 1159 1215 optima
1201 1135 1291 1198 sno

177 1245 349 1326 patientiae
377 1249 430 1304 est
457 1241 575 1303 amoris
605 1241 813 1303 continuatio.
836 1241 901 1320 Qui
931 1261 1002 1310 raro
1023 1243 1153 1326 visitat,
1181 1263 1290 1306 amore

177 1358 315 1414 crescet
357 1349 470 1412 Samot
496 1349 638 1428 periculo
666 1367 833 1428 exponere
868 1351 970 1412 clavis
1005 1351 1195 1416 calamitatis
1226 1359 1290 1418 cst.

181 1461 236 1524 Ex
257 1457 461 1519 cunctatione
482 1463 514 1515 et
536 1455 699 1519 debilitate
716 1457 861 1518 interitus
883 1460 1040 1538 provenit.
1084 1458 1223 1524 Cuilibet
1244 1458 1291 1521 rei

180 1563 357 1648 adauoliuri
376 1580 563 1643 possumus,
585 1561 728 1644 linguam
757 1563 854 1644 igitur
884 1572 973 1629 tuam
1001 1566 1085 1628 bono
1115 1563 1291 1630 adsuetae!

174 1670 365 1734 Difficultas
390 1669 518 1748 linguae
541 1685 614 1730 oum
643 1669 768 1730 silentio
795 1669 956 1749 pulchrior
977 1678 1046 1752 est,
1077 1689 1171 1752 quam
1200 1668 1290 1734 diffi-

178 1779 284 1842 cultas
305 1776 433 1858 linguae
457 1791 530 1836 cum
553 1792 713 1835 sermone.
754 1774 929 1840 Prudentia
951 1783 1003 1838 est
1031 1775 1179 1840 custodia
1200 1777 1287 1858 eius,

72 1959 79 1966 ,
178 1883 264 1970 quod
292 1882 347 1944 tibi
374 1883 561 1962 imperatum
583 1889 635 1942 est
663 1889 696 1942 ει
724 1882 844 1943 relictio
872 1883 963 1964 eius,
994 1899 1098 1966 aquo
1129 1883 1208 1944 libor
1244 1899 1281 1943 es

178 1993 284 2055 Multa
303 1989 475 2053 admonitio
494 1989 624 2051 multam
644 1989 860 2071 suspicionem
882 1989 1039 2071 producit.
1080 1992 1144 2070 Qui
1172 1991 1204 2051 in
1230 2010 1287 2066 ro-

177 2099 285 2183 gando
305 2107 507 2181 perseverat,
529 2100 753 2160 molestusest.
776 2096 839 2174 Qui
862 2096 976 2160 altiora
998 2097 1089 2178 petit,
1113 2114 1208 2177 quam
1230 2115 1289 2178 pro

180 2207 336 2288 dignitato
360 2224 432 2284 sua,
454 2185 573 2287 dignius
596 2213 667 2283 εει,
690 2203 743 2283 qui
763 2203 926 2283 repulsam
948 2201 1039 2264 ierat.
1082 2202 1215 2264 benitas
1237 2209 1289 2263 est

107 2379 115 2386 ,
181 2317 337 2398 felicitas,
359 2313 798 2394 asperitas‘est'iuielicitas
821 2308 950 2393 Optima
970 2310 1143 2373 liberalitas
1163 2327 1204 2372 ea
1225 2317 1287 2392 est,

182 2441 265 2507 quae
285 2421 427 2504 egestati
449 2419 644 2504 conveniens
666 2427 726 2481 est.
769 2416 898 2498 Optima
924 2417 1021 2480 veuia
1042 2434 1083 2478 ea
1103 2425 1174 2499 est,
1203 2434 1287 2497 quae

181 2538 258 2611 post
284 2525 432 2610 puniendi
475 2533 668 2606 potestatem
702 2521 826 2585 datur.“
863 2521 1035 2602 Reislrius‚
1079 2522 1133 2602 qui
1159 2521 1191 2582 in
1225 2509 1281 2584 ad·

185 2634 400 2698 notatiombus
427 2632 470 2694 ad
489 2631 596 2693 Abull.
620 2633 703 2693 Ano.
734 2633 772 2692 u.
801 2632 842 2692 Il.
864 2650 893 2711 p.
922 2628 986 2692 730
1015 2645 1063 2708 sq.
1090 2629 1173 2690 haee
1187 2629 1290 2690 verba

182 2744 373 2824 exscripsit,
404 2742 578 2804 Aetamum
604 2745 722 2800 octavo
754 2737 854 2820 fugae
883 2753 965 2798 anuo
992 2733 1075 2796 diem
1105 2749 1286 2814 supremum

181 2853 304 2916 obiisse
324 2845 455 2913 addidit.

202 3015 205 3020 Ι
320 2985 323 2992 Δ
422 2971 588 3127 6ῡῶ
603 2953 769 3126 Ateii}
796 2955 901 3115 mi
970 3011 1022 3098 ia

183 3232 244 3304 48.
295 3227 456 3302 Noctem
482 3237 519 3296 et
546 3219 780 3322 depressiora
802 3217 914 3312 uallis
941 3218 1023 3296 loca
1047 3221 1194 3312 (cave)!

267 3408 357 3470 Duas
378 3425 432 3470 res
453 3404 619 3468 cavendas
640 3366 806 3482 designat3
836 3409 935 3462 noctu
957 3400 1040 3462 enirn
1061 3408 1118 3462 aut
1138 3402 1170 3462 iu
1192 3399 1287 3464 vallis

187 3516 266 3580 loeis
287 3511 543 3596 depressioribus
569 3511 665 3575 facile
687 3507 776 3572 obrui
800 3515 907 3589 potest
927 3507 985 3570 vir.
1026 3507 1287 3569 Accusativusc
1379 3585 1384 3596 ς

185 3622 286 3686 verbo
305 3613 432 3720 &pini
457 3635 599 3700 „carcre
620 3625 653 3680 te
673 3612 794 3680 iubeo“
814 3611 941 3695 pendet.
984 3611 1059 3676 Nco
1085 3629 1147 3674 uon
1180 3611 1286 3674 nomi-

187 3746 286 3810 nativi
323 3760 423 3807 casus
460 3743 649 3823 inutraque
677 3758 763 3805 vocc
793 3738 919 3802 admitti
936 3744 1059 3822 potest,
1079 3745 1119 3806 ‚ut
1143 3727 1288 3835 ωιβιλέ

187 3861 376 3931 »cavenda“
397 3863 506 3942 (sunt)
528 3864 726 3945 suppleatur.
747 3861 833 3926 coni.
855 3861 892 3926 C.
914 3861 940 3944 1,
963 3855 1035 3923 374.

554 3973 639 4019 aab!
678 3975 774 4020 ³051ss
893 4008 896 4014 .

533 4019 635 4154 „si
671 4019 773 4134 iiii
845 4031 890 4118 ιι

186 4205 247 4282 49.
299 4201 382 4277 Nox
408 4224 520 4275 caeca
546 4213 611 4272 est.
