3014 4906
520 354 851 416 s-w—

310 474 314 486 Ι

405 549 504 594 ³⁶05
551 560 565 592 2
631 552 695 594 oa,

388 561 951 752 »15ῐὲξέωῶ
1023 621 1076 727 t¹

174 820 207 885 3.
260 816 393 886 Anima
425 831 491 888 tua
516 819 657 917 optime
682 820 771 906 scit,
806 845 904 918 quae
928 817 1017 920 'ipsa
1049 813 1180 895 dicere.
1197 841 1275 896 nou

258 937 351 1012 vult.
1093 1033 1095 1040 Ι

257 1064 306 1126 'l'u
329 1058 459 1144 melius,
487 1082 582 1144 quam
605 1065 686 1127 alius
714 1067 840 1132 intimas
870 1069 965 1131 auimi
992 1069 1037 1130 tui
1065 1068 1277 1150 cogitationes

175 1557 209 1630 d,
263 1542 665 1657 Adspectusamantis.

258 1683 310 1745 De
331 1702 369 1745 cc
390 1661 516 1765 dieitdr,
539 1685 594 1766 qui
615 1703 689 1747 cum
709 1703 817 1746 amore
840 1683 983 1764 adspicit.

182 2053 217 2118 5.
271 2049 371 2120 Bene
397 2074 435 2120 se
457 2047 593 2124 habeat
621 2050 787 2126 conditio
815 2057 898 2126 tua!

267 2198 319 2259 De
356 2197 450 2259 vocis
476 2210 556 2290 μμ
590 2200 825 2283 significatione
854 2218 918 2262 nou
956 2201 1170 2262 consentiunt.
1219 2203 1284 2264 Alii
1326 2269 1332 2277 ,

178 2320 253 2380 voci
276 2315 341 2380 au'i
349 2339 379 2381 tu
388 2321 407 2401 i,
429 2321 490 2382 rei
511 2320 775 2403 significationem
797 2321 945 2404 tribuunt,
962 2321 1013 2382 alii
1032 2323 1157 2402 penis.
1179 2323 1282 2385 lsrsce

179 2424 317 2488 diversis
340 2427 625 2508 significationibus
641 2428 791 2491 admissis
811 2437 869 2490 aut
889 2429 1120 2508 generaliorem
1136 2438 1191 2490 aut
1205 2448 1285 2510 spe-

180 2531 340 2594 cialiorem
367 2532 448 2593 benc
468 2533 618 2613 precandi
640 2551 771 2595 sensum
792 2534 901 2595 habet.
922 2533 1017 2596 Cani.
1039 2533 1133 2595 Kam.

506 2658 523 2688 0
537 2667 553 2687 ae
566 2669 585 2688 e
641 2668 659 2687 e

182 2843 215 2912 6.
267 2837 416 2916 Perficit
442 2844 625 2940 ingenuus
651 2843 758 2943 quod
785 2846 966 2945 promisit.

264 2970 405 3030 Mettum
428 2970 587 3051 proverbii
608 2968 732 3050 Radjes
754 2979 813 3032 est.
838 2961 931 3033 Cerri.
951 2972 1019 3033 libr.
1043 2988 1148 3030 meum
1161 2986 1191 3046 p.
1213 2963 1286 3028 231.

182 3075 272 3136 Dixit
282 3103 336 3170 5>
368 3075 437 3136 siue
465 3077 599 3172 articulo
628 3094 763 3156 caveus,
787 3097 828 3137 ue
850 3095 888 3137 se
906 3079 1010 3156 ipsum
1031 3078 1204 3156 ingenuum
1225 3092 1287 3152 ap-

183 3197 332 3276 pellaret,
364 3213 445 3276 quae
478 3194 603 3273 propria
638 3193 689 3252 sui
725 3193 825 3271 ipsius
850 3193 919 3253 laus
947 3195 1072 3255 fuisset.
1114 3194 1204 3255 Dixit
1215 3187 1289 3253 'At-

183 3295 464 3381 mafadhdhelus‘,²
482 3299 564 3359 hacc
591 3298 690 3357 verba
714 3297 912 3358 Alliaritsum
937 3298 1141 3360 beu-Ahmru
1163 3316 1289 3378 coguo-

184 3406 431 3507 miuatumffit
457 3408 517 3489 psi
547 3401 689 3480 (edens
719 3403 903 3483 plantam
933 3404 1139 3481 amaram')
1167 3404 1289 3466 Caudi-

185 3541 249 3594 tam
271 3533 402 3592 Zachro
423 3526 673 3590 beu-Nahschal
686 3526 878 3587 beu-Barim
889 3525 1019 3588 dixisse.
1041 3526 1192 3586 Haritsus
1207 3527 1290 3588 euim

186 3637 246 3700 sub
269 3637 450 3698 conditione
484 3635 612 3714 quintae
633 3634 732 3713 partis
761 3632 898 3713 praedae
919 3632 1063 3693 homines
1087 3633 1291 3708 lemaueuses

168 3717 317 3804 ¹Zuclrro
339 3741 555 3816 indicaverat,
594 3747 628 3799 ut
657 3758 714 3800 eos
741 3738 900 3820 diriperet.
943 3738 999 3802 Rc
1022 3736 1166 3818 perfecta
1188 3737 1292 3801 Atha„

187 3849 287 3909 ritsus
307 3846 370 3906 ista
391 3845 548 3924 proverbii
569 3821 771 3906 verbd¹dixit
793 3845 983 3924 moniturus,
1006 3852 1038 3904 ut
1060 3841 1226 3923 promissis
1236 3861 1289 3907 sa-

188 3951 330 4014 tisiieret.
357 3949 475 4010 Zachri
497 3956 602 4009 autem
631 3965 712 4028 gens
734 3966 830 4028 quum
853 3948 984 4009 llaritso
1010 3945 1150 4028 praedae
1170 3957 1292 4028 partem

189 4059 266 4119 dare
287 4063 462 4135 recusaret,
484 4054 636 4114 Zachrus
659 4051 750 4112 codis
781 4053 955 4134 fastigium,
978 4071 1035 4132 per
1056 4052 1148 4112 cuius
1169 4069 1293 4134 augus-

195 4213 431 4226 --—————-

212 4296 241 4352 1)
259 4292 326 4343 Aliis
344 4303 495 4354 cognomen
515 4289 716 4340 Autru-i'Kuisi
734 4293 783 4341 cst.

1030 4401 1099 4478 ts*
