3006 4908
70 901 78 910 .
164 841 224 912 59.
277 833 488 908 Prehendet
514 830 747 930 (contrahat)
774 833 876 906 Deus
900 832 980 906 eius
1005 821 1160 908 nenses!

247 1000 529 1063 Ebu-Alahrebius
550 1001 663 1079 aliique
685 997 843 1082 dixerunt,
867 998 1041 1060 verborum·
1055 1017 1187 1063 sensum
1204 1018 1262 1062 es·

162 1123 219 1172 se:
239 1107 428 1190 Congregat
447 1108 539 1169 Deus
560 1127 653 1168 unum
676 1105 745 1167 eius
766 1114 889 1187 purtem
911 1123 984 1168 uum
1007 1099 1111 1167 uit'eru
1131 1115 1262 1169 etenn-

161 1214 269 1278 ttuiuut
288 1216 358 1276 eius
376 1233 507 1295 nervus,
529 1221 565 1274 ut
585 1211 731 1294 loquendi
752 1212 866 1274 medus
888 1211 1057 1275 derivatus
1077 1214 1121 1275 sit
1137 1233 1162 1274 u
1177 1230 1261 1276 vous

162 1322 279 1402 stiffi,
318 1339 381 1402 que
401 1321 563 1382 exereitus
584 1319 615 1381 iu
638 1320 784 1381 omnibus
805 1319 987 1400 regionibus
1010 1319 1185 1402 collectus,
1227 1325 1262 1381 int
1285 1399 1289 1404 Δ

115 1451 120 1458 ’
162 1454 300 1518 mugnus
321 1437 375 1518 sit,
397 1433 592 1517 designatur.
612 1433 749 1496 Knmusi
772 1440 884 1496 auctor
906 1433 995 1510 dixit,
1017 1452 1148 1495 sensum
1170 1451 1262 1496 esse:

163 1539 303 1622 Colligat
325 1551 358 1604 et
379 1541 547 1603 contrahat
567 1561 641 1603 eum
661 1542 717 1602 vel
738 1557 811 1601 eum
835 1541 866 1600 in
888 1540 1055 1610 ricinorum
1088 1557 1261 1622 parvorum

142 1631 354 1729 'potestatem
372 1648 493 1712 trudat!
535 1647 762 1710 Exseeretioni
783 1647 886 1708 verbu
906 1646 989 1708 haee
1009 1648 1204 1730 inserviunt,
1229 1659 1262 1712 et

161 1755 302 1839 quidem,
326 1763 361 1818 ut
384 1755 671 1820 Sumeehsehurius
693 1754 781 1834 dieit,
804 1763 918 1818 eontra
938 1755 1057 1816 iratum.

161 2163 222 2236 60.
273 2159 378 2234 Gens
404 2163 556 2235 solertes
582 2178 679 2236 sunt.

238 2321 332 2392 Alter
354 2321 512 2400 proverbii
532 2321 659 2404 legendi
678 2295 795 2387 ⁴modus
816 2333 881 2387 est:
902 2324 1044 2424 υμϊ
1074 2297 1117 2392 ia*
1138 2326 1265 2418 &Ui

163 2441 279 2524 „Gens
299 2443 430 2506 muitum
451 2447 556 2526 gnari,
581 2446 719 2510 solertes
751 2445 863 2510 sunt.“
886 2449 1005 2515 Voxta
1045 2451 1108 2512 hoe
1129 2453 1160 2512 in
1184 2469 1262 2531 pro·

163 2565 272 2629 verbio
292 2569 453 2648 superflua
474 2576 535 2629 est.
589 2621 593 2626 .

118 3109 127 3114 ,
161 3037 221 3112 dt.
275 3034 439 3110 Verbum
465 3043 631 3135 (verum)
656 3057 728 3131 est,
756 3041 859 3140 quod
886 3043 1061 3140 Hadsami
1095 3043 1197 3119 dixit.

244 3220 282 3279 In
305 3217 572 3282 Suberat-Aldini
593 3230 627 3281 et
648 3223 909 3287 Semachseharii
938 3245 1035 3305 opere
1056 3226 1262 3308 proverbium

162 3325 212 3386 sie
234 3309 425 3404 explicetuni
448 3336 519 3388 est:
540 3327 631 3387 Belle
652 3319 720 3390 nito
743 3331 825 3390 inter
844 3331 1055 3414 Alrejjanum,
1078 3336 1168 3396 cuius
1198 3332 1263 3396 fitiu

164 3431 323 3494 Hedsami
352 3441 438 3515 eret,
466 3442 499 3495 et
523 3431 695 3497 Ahthisum
716 3436 898 3516 ben-lhludj
934 3438 1261 3524 ben-Dsi-l’DJenuh‚

162 3547 298 3621 uterque
318 3539 501 3624 vitineribus
522 3538 670 3603 adflictus
697 3561 716 3601 e
744 3561 853 3625 pugna
881 3540 922 3604 ed
953 3541 1132 3612 exereitum
1158 3545 1261 3610 redite

161 3645 360 3730 Airejjenus,
388 3649 441 3729 qui
468 3647 639 3731 pugnando
667 3649 820 3729 imperem
850 3667 888 3712 se
918 3649 1073 3732 sentiret,
1093 3650 1198 3732 [noetu
1216 3662 1263 3716 -et

163 3763 292 3836 pestere
333 3776 427 3820 mune
467 3758 565 3841 digne
606 3775 644 3820 se
666 3757 762 3819 dedit.
827 3756 920 3836 Quod
961 3758 1076 3824 videns
1104 3758 1261 3822 Anthene

164 3861 289 3942 equites
310 3881 368 3925 eos
387 3864 511 3944 insequi
531 3863 635 3926 iussit.
680 3862 742 3942 Qui
762 3863 1050 3945 adpropinquantes
1071 3862 1114 3927 ud
1142 3865 1261 3946 lucum,

161 3966 218 4045 ⁴ubi
237 3966 393 4048 Alrejjuni
412 3968 494 4031 sueii
514 3969 612 4050 quieti
632 3969 847 4051 indulgebant,
870 3989 950 4032 aves
977 3969 1086 4033 Kethu
1115 3971 1261 4054 appellu-

115 4104 118 4108 ·
163 4087 215 4141 tas
236 4077 426 4140 excitarunt
469 4078 561 4156 Quas
583 4096 681 4158 quum
706 4097 822 4160 versus
850 4079 955 4142 ionum
984 4090 1165 4145 castrorum
1196 4075 1267 4146 vu?

162 4186 267 4248 lantes
295 4183 414 4246 femine
441 4185 494 4248 itu
514 4184 670 4248 Hudeemi
686 4184 847 4265 ¹adpellata
869 4189 1114 4272 conspexisset,
1152 4192 1260 4254 socios

162 4309 242 4355 suos
261 4290 303 4356 de
323 4289 462 4356 hostium
484 4286 624 4356 adventu
643 4291 770 4356 monuit
813 4291 902 4356 Sueii
922 4293 1075 4360 munitum
1103 4299 1261 4380 negtexe-
