2986 4914
148 735 231 800 951,
286 729 383 800 Dum
410 728 738 802 conuuoveslactis
764 727 888 817 flores,
918 729 1095 830 butyrum
1122 757 1252 805 recens

286 875 451 962 apparet.

219 1009 257 1070 si
278 1028 435 1072 summam
457 1012 488 1071 iu
510 1031 545 1072 rc
568 1011 762 1093 diligentiam
783 1013 982 1096 adhibemus,
1006 1022 1083 1075 voto
1106 1015 1251 1094 potimur.

455 1158 946 1360 &Qffibm

153 1421 235 1488 252.
289 1413 392 1509 Quid
418 1417 607 1516 praeteriit
632 1439 676 1486 ex
712 1443 771 1508 uc,
809 1443 906 1517 quae
937 1419 1099 1519 primurn
1131 1445 1255 1522 eppa-

289 1556 374 1616 ruit.

233 1687 354 1748 Ahiius
370 1687 540 1768 imperator
562 1689 698 1752 Sobairo
719 1689 1019 1753 ben-Aiahwwam
1045 1691 1098 1754 die
1125 1712 1255 1775 pugnae

154 1797 301 1854 cameli
316 1795 401 1857 dicto
411 1797 716 1867 dixisseserturzus
734 1795 843 1908 ,qtftb
858 1783 1256 1901 &qfssqjssgbffif
1313 1787 1316 1794 .

157 1918 213 2002 bap
240 1920 288 1988 ba
313 1899 454 1988 tennala
475 1923 607 2003 regione
632 1920 758 2000 Hidjasi
786 1940 838 1981 me
867 1924 1050 2004 cognovIsti
1076 1932 1109 1986 et
1138 1925 1171 1986 in
1199 1943 1256 1986 re-

156 2045 252 2126 gione
273 2046 405 2107 thracae
434 2065 486 2106 me
506 2043 686 2126 abnegristi.
709 2042 796 2121 Quid
825 2052 933 2109 autem
955 2046 1119 2125 praeteriit
1140 2065 1184 2110 ex
1205 2065 1254 2126 re,

156 2171 238 2232 quae
259 2154 393 2232 primum
413 2147 604 2232 apparuit‘du
635 2154 660 2213 1.
682 2172 710 2212 e.
734 2145 817 2229 Quid
837 2160 871 2213 te
892 2153 1067 2233 impedivit,
1090 2153 1257 2233 quominus

153 2259 227 2320 mibi
250 2257 345 2320 fidem
362 2269 555 2340 praestares,
578 2259 844 2341 quemadmodum
865 2259 952 2322 initio
972 2261 1076 2322 aniano
1097 2259 1257 2343 habebas?

427 2402 987 2557 &Mfflffissw

155 2611 241 2678 253.
292 2605 367 2702 Qui
388 2633 473 2706 erga
498 2609 621 2678 Deum
641 2607 783 2677 sincere
802 2608 895 2704 agit,
924 2607 952 2676 is
969 2606 1093 2678 salvus
1119 2605 1256 2680 evadit.

238 2755 531 2818 Abu-Horairahus
553 2755 659 2816 verba
679 2754 1030 2819 haecbiohammedcm
1053 2753 1176 2817 dixisse
1196 2753 1259 2818 ad·
1342 2733 1345 2737 ’
1374 2793 1377 2798 ,

155 2863 235 2923 tulit.
278 2866 360 2926 'l'res
388 2851 479 2925 viros
516 2864 546 2925 in
575 2863 703 2926 deserto
738 2864 830 2926 simui
868 2867 930 2926 iter
966 2865 1085 2927 fecisse
1121 2872 1258 2926 narrant.

158 2969 274 3032 Subito
296 2969 456 3031 incidente
480 2971 588 3051 pluvia
609 2971 650 3033 ad
673 2971 789 3032 montis
812 2979 937 3034 antrum
961 2973 1177 3055 confugerant
1196 2989 1260 3032 ex-

156 3082 357 3156 spectantes,
381 3073 484 3136 doaec
504 3075 614 3156 pluvia
634 3084 791 3137 cessaret.
826 3075 953 3136 Accidit
975 3085 1093 3159 autem,
1115 3085 1150 3137 at
1169 3083 1260 3155 petra

158 3199 177 3240 e
200 3189 309 3241 moute
330 3178 464 3261 delapsa
483 3182 565 3242 antri
586 3180 743 3244 introitum
763 3176 887 3239 omuino
904 3177 1078 3240 clauderet.
1100 3175 1281 3244 Omnibus

158 3295 266 3348 autem
296 3286 535 3368 desperantibus
567 3306 650 3350 uirus
678 3303 786 3346 eorum
817 3282 911 3344 dixit:
947 3282 1088 3360 Quilibet
1113 3295 1260 3347 vestrum

159 3394 309 3476 optimum
338 3394 422 3476 quod
449 3397 575 3478 peregit
608 3412 709 3474 opus,
744 3375 900 3453 memoret
922 3397 955 3450 et
981 3391 1086 3452 Deum
1117 3391 1259 3460 invocet.

158 3501 231 3562 Hoc
259 3501 424 3566 consilium
453 3521 556 3592 quum
576 3505 806 3582 sequerentur,
828 3496 950 3558 factum
972 3504 1040 3576 est,
1063 3504 1098 3557 ut
1122 3495 1261 3578 singulis

155 3609 360 3690 loquentibus
388 3610 510 3670 sensim
537 3609 719 3690 sensimque
740 3614 831 3688 petra
850 3605 890 3666 ab
912 3603 1145 3667 antri'introitu
1165 3618 1262 3663 rece·

158 3713 257 3776 deret.
299 3715 545 3778 Mohammedes
566 3723 672 3778 autem
696 3716 791 3776 istam
829 3732 896 3774 rem
918 3709 1051 3773 audiens
1081 3709 1134 3770 iiia
1162 3707 1263 3771 verbe

159 3818 249 3905 dixit,
273 3840 355 3903 quae
375 3831 492 3904 postea
515 3824 546 3884 in
568 3821 730 3902 proverbii
751 3817 1016 3882 consuetudinem
1038 3823 1208 3879 venerunt.

411 3955 937 4149 assffifflffw

156 4172 241 4244 aba.
295 4168 372 4266 Qui
397 4169 515 4242 multa
541 4164 656 4240 uerba
674 4162 776 4251 facit,
803 4157 966 4240 absurde
992 4161 1170 4264 loquitur.

995 4343 1042 4416 42
