2942 4936
578 361 788 422 „25-

433 567 573 694 emili
606 643 706 756 stt:
739 569 843 739 iajtb

132 829 167 895 2.
218 824 293 896 Eos
319 821 450 898 volatu
476 849 588 926 gryps
614 821 779 896 abstulit.

217 949 387 1011 Vocabulo
412 949 519 1016 sltaall
551 950 698 1031 „longum
725 950 841 1012 collum
862 950 1001 1013 habenso
1024 953 1096 1015 avis
1122 971 1240 1034 magna

132 1074 297 1154 fabulosa,
329 1093 423 1154 quam
451 1074 580 1153 arrtiqno
612 1081 754 1154 tempore
780 1075 903 1136 vixisse
928 1074 1047 1157 dicunt,
1077 1075 1234 1158 designa·

136 1188 194 1242 tur.
226 1182 354 1243 Nomen
375 1189 431 1241 ant
452 1200 491 1241 eo
513 1180 643 1242 inditum
666 1199 742 1243 esse
763 1189 888 1262 putant,
910 1181 997 1263 quod
1015 1183 1045 1243 in
1067 1184 1148 1246 collo
1170 1192 1239 1246 tor-

136 1287 193 1368 qui
209 1287 311 1348 simile
333 1287 436 1348 album
465 1286 628 1354 habuisset
655 1295 712 1351 aut
739 1287 823 1369 quod
852 1289 948 1370 longo
979 1289 1061 1351 collo
1093 1290 1235 1370 praedita

133 1393 257 1456 fuisset.
298 1394 464 1456 Alcalbins
492 1394 670 1457 labnlarnm
699 1402 842 1456 narrator
863 1395 911 1456 sio
932 1397 1053 1458 retulit:
1090 1399 1126 1458 ln
1155 1405 1241 1460 terra

134 1500 333 1584 aboriginum
353 1498 445 1596 (0»Ᾰὶ
471 1500 551 1584 μὶ)
572 1518 665 1562 mous
687 1509 756 1562 erat
776 1501 860 1562 altus
882 1501 1007 1564 Damolr
1028 1503 1146 1591 (altus)
1175 1522 1238 1584 ap-

105 1611 113 1628 ’
136 1627 280 1707 peilatus.
322 1628 358 1687 ln
381 1646 419 1687 eo
440 1625 514 1687 avis
537 1625 676 1686 omniurn
697 1624 847 1700 maxima,
868 1626 963 1705 longo
987 1627 1068 1688 collo
1083 1627 1238 1712 praedita,

134 1734 343 1814 pulcherrima
364 1741 395 1794 et
417 1731 563 1794 omnibus
584 1732 745 1794 coloribus
768 1740 879 1793 ornata
907 1732 1017 1796 sedem
1044 1733 1184 1796 babebat
1205 1745 1238 1798 ot

135 1841 242 1902 avium
270 1858 367 1902 carne
393 1839 597 1900 nutriebatur.
620 1837 713 1915 Quae
740 1855 835 1916 quum
863 1836 948 1898 lame
968 1837 1098 1902 adflicta
1125 1841 1239 1904 avibus
1280 1857 1287 1865 ·

135 1946 358 2009 deficientibus
379 1966 512 2026 puerum
539 1945 730 2024 abripuisset
753 1953 787 2004 et
806 1951 919 2023 postea
941 1947 1088 2025 puellam,
1117 1950 1240 2012 incolae

138 2055 198 2114 bac
229 2053 269 2114 de
305 2071 340 2112 re
373 2051 457 2131 apud
492 2051 679 2131 prophetam
716 2049 972 2112 llenthselahum
1002 2052 1241 2116 ben-Zalwan

139 2160 244 2241 questi
263 2167 348 2220 sunt.
390 2147 502 2218 Deum·
517 2157 614 2236 igitur
641 2156 693 2216 hic
722 2155 905 2235 invocavit,
942 2164 977 2216 ut
1006 2175 1077 2218 eam
1110 2160 1242 2221 fulmine

139 2265 237 2327 misso
260 2264 416 2345 perderet.
440 2263 524 2324 Avis
545 2270 651 2325 autem
672 2262 725 2322 illa
740 2277 918 2342 cognomen
940 2273 1029 2364 ,ψ
1052 2262 1241 2359 (Mogbrib)

138 2391 275 2471 accepit,
299 2386 385 2470 quod
407 2389 522 2470 omnia,
547 2405 630 2467 quae
653 2393 812 2466 rapuerat,
836 2387 868 2445 in
889 2387 1053 2466 regionem
1075 2388 1172 2472 longe
1188 2411 1243 2452 re·
1290 2389 1299 2406 ⁶

137 2503 257 2559 motam
278 2495 402 2556 auferre
419 2494 552 2556 solebat.
595 2493 718 2554 Poetae
746 2490 840 2552 istam
870 2510 965 2553 avem
994 2493 1025 2554 iu
1047 2495 1243 2561 carminibus

138 2606 205 2667 suis
238 2603 369 2683 saepius
402 2602 583 2684 respiciunt.
642 2601 700 2686 Sic
735 2599 944 2661 Abntarahus
985 2602 1242 2667 ben-Alacbras
1358 2667 1364 2673 ,

139 2710 280 2792 'l'hajjita
301 2718 434 2772 mortem
458 2709 582 2772 Chalidi
602 2706 793 2769 ben-Jasid
815 2705 984 2786 deplorans
1006 2709 1101 2772 dixit:
1191 2702 1194 2710 ⁴

139 3022 233 3102 „lam
253 3019 285 3079 in
305 2994 573 3095 aerem'abripuit
593 3014 813 3079 liberalitatem
835 3018 995 3099 unguibus
1024 3019 1123 3102 largis
1145 3039 1243 3100 prae·

185 3125 251 3189 dita
271 3122 393 3204 (avis),
417 3141 493 3195 osso
521 3123 675 3203 frangens
703 3121 740 3200 (i.
770 3143 797 3184 e.
827 3127 947 3203 mors),
981 3125 1244 3207 quemadmodum

185 3251 287 3316 gryps
311 3231 429 3294 montis
457 3229 585 3293 Damcb
613 3227 850 3293 adolescentem
884 3233 1049 3294 robustum
1076 3234 1108 3294 in
1137 3252 1244 3296 aerem

172 3335 351 3420 ‘abripuitf‘
361 3337 390 3418 ¹)

226 3448 277 3508 De
298 3466 346 3530 re,
369 3466 451 3528 quae
472 3446 564 3526 perlit
586 3451 641 3504 aut
662 3446 804 3526 evanuit,
832 3444 939 3507 dicere
968 3447 1088 3510 solent:
1134 3452 1244 3525 dl>

77 3625 82 3631 .
141 3575 226 3640 ‚lma
244 3559 301 3664 ,fl
325 3575 353 3656 3
379 3598 411 3654 ap
431 3567 571 3652 „Gryps
594 3568 678 3629 idio
700 3565 1004 3655 aeremabstulitflp¹

464 3718 508 3751 ‘a
648 3705 759 3751 >afim
788 3731 806 3750 a
821 3730 840 3749 α
1040 3753 1043 3758 ,

428 3749 947 3882 Μμῷὣΐ

135 4061 139 4070 ’
166 4064 195 4130 l)
212 4069 328 4118 Mettum
347 4073 389 4120 est
407 4071 522 4121 l'bawll.
541 4071 619 4121 conl.
638 4071 655 4120 l.
675 4085 706 4120 m.
725 4085 749 4132 p.
770 4072 829 4123 tol.
849 4031 1034 4134 Cbrrlgendus
1056 4073 1099 4118 est
1120 4070 1160 4119 hle
1179 4084 1243 4120 ver·

213 4191 259 4227 sus
278 4177 303 4227 lu
328 4179 474 4228 renolllr
493 4178 589 4228 llarirll
607 4194 631 4241 p.
650 4178 718 4242 504,
738 4179 781 4228 ubl
797 4148 868 4250 δὲ
884 4177 992 4240 legitur.
1026 4175 1154 4225 Scholion
1173 4176 1243 4224 lalao

130 4341 131 4346 ἵ
212 4267 373 4360 ᾱῑιίιεὸᾳ)
382 4264 439 4361 μ’
454 4279 527 4374 ξω
537 4279 659 4342 „Damon
677 4289 776 4328 nomeu
793 4277 846 4327 vlrl
864 4273 937 4326 est.“
954 4273 1032 4324 Oonl.
1050 4272 1079 4322 c.
1099 4275 1146 4334 lv,
1165 4275 1208 4325 28.
