2990 4920
681 266 913 372 2.ae-

259 503 390 548 eorsum
412 505 486 549 eum
507 484 652 572 adegit.“
693 491 745 552 De
766 507 806 550 eo
828 488 962 571 dieitur,
985 507 1077 570 quem
1098 490 1234 552 adiutor·
1252 493 1365 554 iniudia

257 985 332 1078 41.Ι
369 1008 503 1082 Asinus
529 1033 669 1108 parvus
695 1006 807 1082 solus.

321 1172 431 1235 Verba
453 1171 493 1234 de
515 1191 555 1235 eo
577 1173 786 1257 adhibentur,
809 1175 861 1255 qui
883 1173 1060 1238 hominibus
1082 1191 1120 1234 ae
1148 1194 1210 1237 non
1239 1181 1380 1278 misceo

256 1277 322 1339 Alii
350 1278 476 1361 diount,
505 1281 706 1359 proverbium
736 1280 938 1364 significare,
979 1280 1091 1358 virum
1114 1281 1239 1344 nonnisi
1268 1305 1361 1353 suurn

258 1383 425 1456 consilium
455 1386 556 1466 sequi.
608 1383 751 1454 Eodem,
775 1384 870 1448 modo
916 1385 1061 1446 dioitur:'
1089 1401 1188 1475 a»,
1215 1401 1361 1481 wiese>

255 1503 373 1587 „Asini
391 1504 497 1585 pullus
518 1525 639 1586 parvus
659 1503 774 1570 solus“
808 1507 988 1570 Proverbia
1016 1507 1228 1587 vituperando
1254 1513 1361 1578 insor-

255 1609 358 1671 viunt.
400 1608 514 1672 conf.
536 1611 641 1673 Kam.
683 1613 808 1674 Dicitur
831 1631 957 1695 quoque
977 1620 1058 1676 amsii
1085 1627 1240 1702 wast>

254 2067 313 2139 42.
363 2067 407 2139 ln
434 2067 603 2144 feriendo
630 2073 725 2148 aries
752 2077 930 2148 cornibus
957 2105 1087 2178 carens
1116 2083 1292 2157 vincitur.

316 2219 440 2282 Dioitur
461 2239 603 2302 quoque:
626 2223 738 2304 phi
765 2226 868 2315 ,flii
891 2227 1022 2311 „hirnus
1041 2233 1192 2294 cornibus
1209 2250 1358 2294 carenam

253 2339 292 2398 lu
314 2357 387 2400 enm
408 2340 585 2423 adhibetur,
607 2347 661 2424 qui
683 2346 722 2406 ab
744 2346 931 2414 adverse-io
953 2354 1062 2417 vietus
1085 2366 1136 2419 est
1156 2357 1263 2439 robus,
1276 2373 1370 2438 quaa-

160 2447 167 2464 *
254 2451 367 2506 eontra
386 2465 459 2507 eum
487 2460 747 2529 comparaverat
773 2455 873 2518 Meid.
901 2459 1110 2522 Proverbium
1139 2462 1301 2545 hortatur,
1319 2471 1359 2525 ut

253 2559 328 2612 ante
348 2551 509 2618 infortunii
530 2553 706 2619 adveutum
727 2577 787 2622 uos
809 2571 921 2627 oontra
942 2565 974 2627 id
995 2587 1166 2632 armemus.
1195 2571 1360 2652 Samaoh·

253 2657 356 2724 sohar.
381 2657 591 2721 Proverbium
607 2660 648 2722 ad
659 2671 793 2727 metrum
801 2656 924 2750 Redjes
937 2674 1048 2737 referri
1062 2645 1187 2758 potest
1195 2695 1226 2741 o.
1242 2697 1272 2758 p.
1285 2677 1358 2764 231,

253 3053 323 3128 44.Ι
364 3053 512 3156 Caprae
538 3059 637 3128 omni
663 3061 800 3134 morbo
827 3061 1007 3142 adiectae.

255 3247 259 3252 .
334 3204 371 3264 In
391 3222 464 3265 oum
486 3204 631 3285 quadrat,
655 3209 708 3288 qui
730 3211 836 3275 multis
856 3214 944 3278 vitiis
973 3217 1111 3281 laborat.
1149 3209 1266 3302 Capria¹
1292 3241 1356 3283 no-.

250 3307 383 3390 noginto
404 3329 521 3372 novem
541 3311 671 3376 morbos
693 3334 767 3378 esse
795 3319 922 3383 Arabes
952 3322 1086 3407 dicunt,
1108 3335 1264 3406 pravum
1285 3341 1355 3446 pa-

251 3421 371 3477 otorem
392 3417 601 3481 centesimum
622 3420 802 3488 habendum
824 3444 899 3490 esse
919 3432 1071 3493 morbum.
1139 3481 1141 3486 ,

604 3550 988 3771 ,timum
1112 3556 1200 3588 '¹

250 3831 311 3914 44
363 3833 550 3906 Damnum
576 3835 684 3924 infer,
711 3864 735 3912 ο
762 3837 927 3942 hyaena!

331 3964 543 4044 Proverbiurn
582 3982 622 4045 de
663 3986 823 4066 perditore
872 3993 1048 4059 adhibotur.
1105 3997 1353 4062 Samaohsohar.

247 4084 520 4151 Abu-Ahmruus
555 4094 785 4180 grammaticus
813 4097 996 4184 adnotavit,
1033 4104 1182 4186 hyaenae
1202 4106 1233 4167 in
1265 4123 1352 4168 ovea

248 4192 431 4274 irrumpenti
449 4196 530 4261 diei:
