3024 4922
630 277 857 339 -815-

421 493 508 676 gn
544 493 815 676 etQ
990 530 1042 618 a

185 739 242 812 44.
295 740 393 817 Vae!
417 741 516 813 curis
541 729 670 839 presso
696 764 717 810 a
743 739 842 810 curis
868 738 1011 816 libero!

265 887 303 950 lu
324 898 388 950 est:
412 888 591 967 Quamnam
612 889 778 950 utilitatem
801 887 853 949 ilie
879 888 919 948 ab
942 888 1005 950 hoc
1028 907 1144 969 capere
1164 890 1289 970 potest?

184 994 234 1055 Dc
263 994 324 1056 hoc
354 995 521 1077 proverbio
554 993 637 1056 conf.
666 991 706 1055 C.
739 993 836 1074 XIV,
864 977 919 1054 302
951 994 1026 1054 Atio
1056 977 1162 1056 autem
1182 996 1288 1079 modo,

184 1120 247 1182 quo
267 1101 310 1163 ibi
331 1121 384 1162 res
406 1101 506 1166 rotata
531 1109 595 1178 cst,
619 1099 865 1179 Aimadajenius
887 1108 921 1161 et
941 1100 1186 1165 Muhammedes
1207 1103 1289 1165 ben·

186 1207 295 1270 Seiam
330 1205 491 1287 Aidjomhi
521 1225 588 1268 rem
618 1213 757 1268 narrant.
800 1201 958 1267 Actsamo
989 1201 1159 1268 ben-Zaiii
1181 1205 1294 1270 'fami'-

184 1316 279 1375 mitac
309 1313 409 1376 verba
436 1313 499 1374 ista
525 1312 718 1387 tribuuntur,
753 1312 929 1382 Actsamus
952 1311 1044 1396 ,euim
1070 1311 1291 1395 grandaevus,

182 1439 276 1501 quum
302 1417 547 1482 Mohamr‘ucdes
574 1417 605 1478 in
634 1416 750 1497 oppido
784 1418 905 1484 Manca
938 1416 1095 1494 homines,
1128 1426 1164 1479 ut
1197 1431 1290 1480 suam
1322 1467 1327 1476 .

179 1526 363 1606 religionem
398 1531 622 1606 sequerentur,
651 1524 819 1599 invitaret,
848 1523 946 1584 [ilium
981 1542 1074 1585 suum
1104 1526 1202 1608 misit,
1236 1545 1289 1609 qui

178 1633 250 1717 ipsi,
273 1631 468 1714 quirt'c'ssct,
490 1631 650 1694 nuntiaret
671 1637 704 1692 et
725 1631 860 1694 tum'uei
889 1631 1135 1694 certior-factus
1155 1641 1287 1713 gentem

179 1760 283 1820 suam,
306 1748 340 1800 ut
361 1733 597 1799 Mohanimedis
626 1754 680 1796 res
702 1735 884 1819 adjuvaret,
916 1737 1101 1802 cohortatus
1123 1748 1186 1800 est.
1209 1740 1288 1801 Ma-

183 1844 264 1906 licus
294 1852 403 1906 autom
428 1843 615 1909 Nervairahi
635 1841 719 1904 filius
741 1843 888 1906 Actsami
908 1846 1018 1908 verbis
1040 1845 1159 1909 auditis
1183 1845 1286 1910 dixit:

183 1949 340 2032 Princeps
370 1957 481 2010 vester
513 1955 619 2010 mente
647 1933 890 2012 alienatusest.
933 1951 1112 2034 Actsamus
1132 1952 1196 2014 ista
1218 1961 1283 2016 tum

182 2057 341 2138 proverbii
362 2056 464 2117 verba
478 2054 572 2148 ¹dixit.
592 2057 676 2118 conf.
699 2056 804 2118 Harir.
828 2065 875 2134 00¹1

365 2271 398 2338 ³
453 2227 888 2423 MQQJ
954 2277 1003 2418 e

86 2500 88 2506 ’
178 2490 237 2562 45.
287 2483 569 2558 Descenderunt
593 2485 641 2558 ud
669 2486 791 2560 lacum
817 2487 957 2579 mortis.

239 2617 462 2682 ¹Vocabulum
493 2631 597 2703 Mu‘:
621 2601 793 2682 ³Aiashario
819 2601 931 2682 mortis
957 2591 1072 2682 nomen
1100 2629 1166 2699 est,
1197 2624 1282 2703 quod

178 2721 199 2806 a¹
216 2737 880 2826 signiticatione'acstusvehementis
902 2743 1284 2816 etsuffocantisde-

176 2851 316 2915 rivatum
340 2871 414 2914 csse
435 2852 521 2914 dicit.
564 2852 600 2913 In
623 2849 879 2914 Semachscharii
902 2871 1069 2950 operae„
1094 2829 1221 2935 legitur.

175 3282 233 3354 46.
286 3281 321 3354 O
348 3281 504 3361 Ritahet
530 3285 629 3381 genti
656 3297 740 3356 tuac
767 3307 893 3354 rerum
920 3281 1067 3378 copiam
1095 3281 1166 3355 da!

255 3440 361 3503 Rikah
386 3453 501 3504 nomen
530 3441 590 3504 viri
610 3433 742 3522 maiig‘ni
770 3447 829 3499 est.
850 3434 1053 3514 Moarredjus
1075 3434 1167 3527 dipit,
1193 3454 1279 3515 pro-

175 3547 316 3610 verbium
344 3549 407 3614 hoc
437 3543 594 3612 interdum
625 3550 656 3611 in
688 3549 803 3609 bonam
832 3553 956 3625 partem
986 3543 1106 3624 accipi,
1143 3543 1281 3604 maxime

175 3655 341 3722 antemio
363 3657 478 3720 uralam
500 3664 635 3737 partem.
661 3657 714 3734 De
737 3672 775 3716 eo
797 3643 922 3731 dicitur,
945 3651 999 3733 qui
1019 3660 1132 3720 corrtra
1152 3656 1282 3730 gentem

176 3781 266 3824 suam
289 3764 425 3840 iniustus
448 3772 509 3850 cst.
544 3771 555 3778 '
659 3826 662 3834 ,
689 3743 695 3752 ’

438 3917 1012 4110 en
1122 3937 1125 3944 ·
1240 4000 1247 4011 -

174 4127 234 4246 tt.
285 4169 521 4248 Haereditate
548 4137 676 4270 accepi¹
702 4169 797 4246 ittud
821 4173 867 4247 ab
896 4173 1005 4246 amita
1022 4125 1147 4249 tiberis
1175 4167 1281 4262 cuba
