3012 4908
448 518 549 701 dp
585 545 737 700 &yae
772 528 839 696 d?
911 590 969 678 iol

166 807 246 897 154.
300 801 433 876 Omnis
459 827 603 903 pauper
627 825 829 902 generosus
858 818 922 882 est.

247 953 312 1033 Qui
332 971 443 1035 parum
464 951 623 1036 possidet,
645 953 709 1016 hoo
730 973 794 1021 nou
815 952 925 1038 magni
946 953 1054 1037 habet,
1077 956 1122 1018 ita
1140 964 1280 1039 utarga

163 1060 244 1123 alios
266 1075 370 1140 patruo
392 1077 452 1121 suo
474 1059 641 1122 beneficus
663 1077 739 1122 esse
760 1059 875 1126 soleat.

272 1226 391 1362 lxv-²
427 1225 527 1382 jd]
563 1214 728 1416 ffflrll
755 1237 894 1434 &llll
926 1237 1025 1386 υἷέ
1096 1280 1149 1360 loo

163 1510 249 1579 155·
300 1503 367 1580 Via
401 1506 551 1608 saepius
594 1505 693 1580 facta
736 1532 869 1584 eorum
912 1511 1005 1583 iiam
1055 1531 1266 1612 provocare

312 1629 437 1706 debet.

243 1791 356 1854 Voces
376 1788 507 1893 §mainil
535 1791 630 1892 nablal
652 1790 773 1874 „signa
794 1789 869 1853 viae
895 1791 1020 1855 souin
1048 1789 1103 1856 via
1129 1790 1266 1876 pedibus

159 1917 247 1980 taeta
269 1911 438 1999 vestigia“
457 1915 652 1998 significant,
681 1915 811 1976 multum
832 1913 913 1977 ultro
934 1915 1079 1996 nitroque
1108 1914 1264 1998 quendem

159 2025 272 2086 ivisse.
314 2023 481 2085 Proverbii
504 2023 660 2103 originem
683 2020 780 2084 talem
801 2019 903 2082 luisse
923 2029 1067 2083 narrant:
1110 2023 1180 2106 Vir,
1211 2023 1264 2103 qui

159 2137 273 2192 contra
292 2136 424 2209 gentem
452 2129 569 2191 iniuste
596 2136 719 2212 egerat,
749 2145 843 2188 mane
879 2134 912 2188 et
949 2145 1089 2208 vespera
1126 2125 1166 2189 ad
1205 2146 1264 2190 eos

160 2235 296 2298 transire
317 2234 458 2315 solebat3
481 2235 567 2316 quod
588 2234 704 2297 videns
724 2235 826 2316 alius,
853 2230 894 2296 ad
922 2233 1066 2298 inimiam
1095 2233 1265 2298 vindican-

165 2343 239 2407 dam
262 2361 320 2408 eos
341 2342 548 2428 impulsatus,
570 2343 640 2406 istis
661 2343 771 2406 verbis
793 2359 873 2405 usus
895 2350 955 2406 est.

161 2811 263 2886 tao·
297 2810 473 2886 Minime!
505 2807 572 2886 aed
598 2809 696 2884 illud
718 2835 796 2886 non
822 2807 937 2886 dedit.

241 2971 302 3033 Vir
323 2967 450 3052 quidam
471 2969 568 3034 filium
592 2990 635 3036 ex
663 2956 726 3034 alia
754 2991 855 3034 uxore
876 2979 986 3035 natum
1012 2971 1097 3034 male
1123 2986 1162 3031 se
1188 2985 1265 3030 oor·

158 3097 237 3171 poro
258 3077 427 3144 habentem
455 3077 590 3152 sidens,
622 3097 756 3140 uxorem
793 3080 938 3162 rogavit,
982 3097 1139 3160 quaenam
1167 3075 1262 3138 huius

159 3187 206 3248 rei
230 3203 331 3248 cauea
353 3192 451 3245 esset.
493 3185 584 3247 Uxor
604 3183 780 3264 respondit,
803 3203 876 3246 eum
896 3184 1022 3265 adipem
1042 3204 1099 3267 pro
1114 3183 1186 3247 olba
1203 3182 1265 3264 ipsi

159 3293 299 3353 oblotom
329 3307 490 3352 reousaro.
517 3289 621 3351 Filius
648 3296 757 3349 autem
788 3288 820 3350 id
840 3288 973 3352 audiens
993 3292 1152 3370 proverbii
1164 3287 1266 3353 verba

160 3397 250 3480 dixit,
272 3396 384 3478 quibus
403 3413 538 3458 uxorem
559 3392 718 3456 mendacii
738 3396 854 3476 arguit

164 3881 243 3957 157.
294 3879 400 3951 Sicut
424 3876 573 3966 femina,
599 3901 697 3979 quae
722 3879 900 3980 (angore)
928 3875 1183 3952 suffocabatur
1212 3878 1261 3954 ad

311 4025 534 4112 postremam
559 4008 701 4083 farinae
728 4025 874 4111 partem
897 4009 1124 4116 molendam.
1165 3995 1170 4015 ‘

157 4195 160 4204 ·
242 4161 360 4226 Mulier
379 4163 531 4226 nomenti
549 4180 700 4246 magnam
721 4181 864 4230 massam
884 4164 1032 4230 molebat.
1060 4165 1167 4246 Quum
1187 4183 1261 4230 me-

159 4270 260 4334 iorem
281 4272 351 4334 eius
372 4277 494 4354 portem
515 4271 547 4334 in
567 4271 700 4338 farinam
721 4272 916 4357 noluisset,
945 4291 1011 4342 axa
1029 4275 1137 4342 molae
1157 4274 1262 4342 fremo
