2986 4914
115 738 180 810 66.
235 736 319 809 Non
345 732 576 806 occurrimus
602 728 670 799 nisi
697 738 782 826 post
806 724 940 795 mensis
966 720 1127 821 spatium

206 860 408 922 Vocabulum
423 871 481 956 ,te
501 853 541 916 ad
565 852 717 933 temporis
737 851 876 956 spatium
897 847 1012 928 maius,
1029 846 1149 909 mensis
1170 855 1228 916 aut

119 979 261 1042 duorum
283 981 437 1044 mensium
461 977 671 1041 definiendum
692 953 869 1039 adhibetur.

371 1132 827 1331 suhd‘ssdjab
897 1181 939 1262 ‘iu

125 1397 190 1469 67.
240 1397 322 1470 Non
351 1412 404 1470 est
431 1397 509 1469 dies
535 1398 702 1469 Halimae
728 1408 924 1468 secretum.

193 1531 229 1590 In
250 1531 333 1592 omni
354 1549 390 1591 re
410 1532 582 1593 manifesta
603 1538 636 1591 et
656 1537 734 1590 nota
755 1529 924 1590 adhibetur
945 1529 1028 1591 oonf.
1052 1527 1090 1592 C.
1112 1527 1228 1592 xvru

116 1633 194 1698 222.
236 1634 569 1700 Ahbd-Alrahmanus
589 1644 713 1719 patrem
736 1653 830 1696 suum
852 1635 1155 1699 Aimofadhdhelum
1176 1636 1226 1696 sio

119 1758 190 1800 rem
210 1743 356 1804 retulisse
379 1745 538 1804 narravit:
560 1742 668 1819 Quum
689 1739 914 1803 Almondsirus
933 1741 1229 1802 ben-Miissema

120 1847 156 1906 in
178 1845 408 1926 expeditionem
428 1850 490 1927 ipsi
511 1850 640 1910 fatalem
663 1866 740 1908 suos
762 1847 924 1929 educeret,
939 1848 1121 1908 Atheritsus
1144 1847 1227 1907 ben-

124 1949 283 2029 Djebeian
317 1963 392 2014 natu
420 1955 523 2014 maior
554 1972 611 2014 rex
641 1951 805 2015 Gbassani
835 1971 906 2014 eum
933 1954 1103 2014 metuebat.
1146 1951 1227 2012 Erat

125 2057 158 2116 in
179 2059 320 2119 exercitu
341 2059 536 2120 Aimondsiri
557 2059 604 2119 vir
625 2079 643 2120 e
672 2069 769 2141 gente
795 2059 1060 2138 Banu-Hanifab,
1083 2058 1227 2134 Sohnm·

126 2181 182 2224 rus
201 2164 407 2228 ben-Ahmru
435 2168 629 2246 appellatus,
662 2168 752 2228 ouius
781 2175 883 2232 mater
913 2175 1050 2246 egente
1072 2161 1227 2226 Ghassan

127 2269 256 2332 oriunda
278 2280 362 2352 erut,
393 2274 447 2352 qui
478 2291 550 2334 num
580 2275 721 2336 exercitu
749 2274 884 2348 exierat,
906 2279 943 2332 ut
963 2271 1005 2333 ad
1025 2271 1227 2334 Alliaritsum

128 2377 283 2439 transiret.
327 2379 389 2440 uro
417 2380 513 2462 igitur
532 2381 695 2443 Alliaritso
718 2359 1227 2460 dixir‚A1mondsiriexeroitum

126 2485 371 2545 numerosiorem
405 2504 499 2567 esse,
533 2504 627 2568 quam
656 2496 691 2547 ut
719 2489 750 2548 ei
770 2489 946 2550 resisteret.
970 2489 1041 2568 Qua
1069 2489 1109 2550 de
1131 2506 1230 2552 causa

125 2589 307 2652 Aiharitsus
336 2602 462 2656 eentum
489 2595 577 2655 viros
606 2614 626 2654 o
653 2612 715 2654 suo
746 2597 890 2656 exercitu
912 2596 1104 2657 fortissimos
1129 2595 1229 2674 elegit

123 2702 157 2756 et
177 2694 218 2756 ad
238 2698 427 2762 Almondsiri
449 2699 624 2762 exercitum
643 2697 807 2782 proticisci
827 2701 932 2785 iussit,
955 2703 1009 2781 qui
1033 2701 1062 2760 ei
1092 2701 1222 2760 nuntia-

120 2813 201 2885 rent,
213 2821 250 2864 se
264 2803 348 2884 quod
368 2807 397 2865 ei
412 2805 540 2870 deberet
559 2807 691 2868 sotvere
705 2816 850 2886 paratum
873 2826 962 2889 esse,
987 2785 1023 2886 'et
1038 2807 1069 2868 si
1082 2806 1221 2870 hostiurn

121 2911 286 2998 eueroitus
317 2912 457 2974 incuriae
493 2933 532 2977 se
562 2906 722 2993 traderet,
759 2925 794 2976 ut
825 2916 930 2978 subito
963 2914 995 2976 in
1022 2891 1133 2996 rogem
1163 2914 1237 2996 im-,l

121 3024 230 3096 petum
264 3018 426 3101 facerent,
465 3021 504 3080 iis
533 3021 712 3098 imperavit.
741 3019 855 3084 Filiam
887 3031 992 3088 autem
1014 3041 1106 3084 suam
1131 3021 1228 3082 Hali-

122 3140 207 3185 mam
235 3124 371 3204 puellam
398 3125 641 3202 pulcherrimam
670 3127 815 3206 singulos
845 3126 1050 3188 odoramento
1098 3127 1239 3188 imbuero
1297 3179 1310 3186 -

122 3228 226 3289 iussit.
268 3231 353 3290 Dum
384 3236 492 3289 autem
530 3225 715 3288 mandatum
749 3228 814 3290 titia
845 3231 1047 3311 perficiebat,
1077 3241 1235 3295 strenuus

124 3333 316 3410 adolescens
341 3333 483 3397 Lebidus
503 3333 709 3398 ben-Ahmru
729 3335 924 3416 appellatus,
946 3337 975 3396 ei
997 3339 1108 3416 oscula
1130 3338 1231 3400 dedit.

125 3440 197 3520 Qua
218 3442 259 3503 de
279 3462 312 3503 re
333 3461 436 3522 quum.
450 3439 663 3530 puellaapud
682 3453 805 3521 patrem
827 3449 962 3524 questus
983 3452 1084 3524 esset,
1108 3445 1136 3504 is
1161 3463 1232 3510 eam

124 3556 234 3609 taoere
255 3548 360 3624 iussit,
382 3548 413 3609 in
435 3547 499 3611 isto
521 3549 603 3610 enim
623 3546 833 3612 adolescente
853 3565 1009 3610 summam
1025 3565 1062 3610 se
1084 3548 1232 3612 flduoiam

124 3654 253 3718 habere.
296 3653 451 3718 blandato
478 3663 586 3718 autem
615 3655 669 3718 isti
689 3664 815 3720 eentum
851 3655 985 3718 iuvenes
1009 3655 1053 3718 ita
1075 3652 1242 3716 satistiaoi-

126 3762 233 3842 ebant,
255 3768 291 3822 ut
310 3779 370 3824 rex
391 3761 600 3830 occideretur.
643 3760 934 3828 Abut’flaitsamus
955 3770 1062 3828 aretem
1084 3755 1237 3836 narravit,

124 3867 253 3930 Arabes
287 3863 450 3930 Balbisam
476 3869 637 3949 appellare
664 3867 833 3936 Halirnam.
868 3866 1124 3951 Ainabeghabus
1155 3862 1230 3948 glu-

126 3974 197 4037 dios
218 3974 407 4040 describens
427 3974 522 4037 istius
543 3973 606 4040 diei
627 3980 819 4041 mentionem
840 3977 936 4044 feeit:
1068 3966 1073 3976 '

124 4099 458 4249 *Md-³
554 4103 649 4225 ‚s
681 4119 719 4260 b
742 4118 846 4217 eu>
877 4109 947 4226 ..a
970 4095 1120 4244 ..uu
1143 4098 1242 4229 us·

1069 4341 1143 4420 ³9⁴¹
