2990 4916
576 313 930 378 .-540-

347 496 514 564 Wabwub
534 514 649 558 nomon
671 495 733 558 viri
754 504 818 582 est,
851 498 904 578 qui
925 498 1081 563 bouofloia
1119 502 1151 562 in
1180 499 1264 564 aiios
1297 503 1389 566 ool-

265 610 329 670 iata
356 603 576 686 exprobrabat.
611 603 691 664 Viro
727 603 824 685 igitur
853 605 923 666 otii·
963 607 1170 687 exprobranti
1206 607 1388 673 beneficia

264 713 424 796 proverbii
443 711 546 774 vorba
565 709 722 774 dicuntur.

392 833 1062 1060 §astutus
1132 917 1212 1005 nv

261 1128 345 1202 toa.
395 1111 479 1198 Non
497 1135 551 1196 est
575 1121 767 1195 occultum
793 1119 922 1196 odium
948 1137 985 1196 et
1011 1125 1165 1198 intuitus
1188 1155 1209 1198 a
1236 1127 1379 1204 latere.

322 1282 534 1345 Proverbium
555 1279 635 1361 boo,
666 1297 727 1360 quo
746 1277 958 1362 significatur,
980 1283 1040 1343 viri
1061 1283 1230 1346 ouiusdam
1254 1286 1375 1350 odium

262 1407 338 1452 osse
357 1389 573 1466 manifestum,
610 1378 772 1464 postorius
814 1403 932 1450 versus
969 1387 1203 1452 hemistichium
1237 1399 1292 1453 ost
1328 1394 1375 1476 ab

259 1490 566 1571 Abu-Albodsalijjo
587 1491 684 1552 fanti:

252 1630 463 1770 ,ustos
493 1623 712 1765 utut&
738 1643 775 1746 t,
801 1605 902 1770 ,bo
927 1633 1026 1748 tut
1049 1645 1074 1728 t
1098 1637 1202 1747 suga
1226 1639 1369 1775 affl

235 1809 373 1932 ',‚Oouli
395 1851 453 1934 tui,
476 1847 558 1932 quod
580 1868 637 1914 oor
658 1847 837 1928 abscondit,
860 1848 935 1908 rnibi
956 1856 1102 1930 narrant,
1142 1857 1175 1911 ot
1208 1871 1272 1914 uon
1307 1865 1365 1918 ost

277 1962 459 2024 ¹oooultum
482 1957 585 2022 odium
608 1969 641 2024 ot
662 1959 792 2020 intuitus
813 1975 832 2018 a
853 1951 990 2016 latere.“

339 2070 479 2132 Metram
501 2066 626 2129 'l'hawil
649 2075 709 2126 est.
730 2083 758 2126 o.
781 2084 811 2146 p.
836 2061 904 2124 161.

215 2213 221 2220 ’
300 2293 305 2300 ·
348 2237 495 2388 „uit
526 2247 633 2382 ub·
661 2257 720 2456 ur
744 2247 878 2390 soti
908 2236 1120 2377 outo
1189 2293 1278 2398 nr

250 2511 338 2593 438.
389 2511 473 2584 Non
508 2524 562 2583 est
598 2508 713 2583 frater
747 2509 814 2582 tibi
848 2534 996 2599 servus,
1025 2537 1143 2611 quum
1170 2511 1283 2587 diois:
1321 2518 1355 2586 Ο

389 2641 505 2716 frater
531 2643 600 2716 mit

334 2795 369 2852 In
391 2811 463 2852 aum
485 2791 607 2870 dicitur,
630 2793 682 2872 qui
704 2791 859 2854 beneficia
885 2790 916 2851 iu
945 2790 1048 2852 virum
1077 2789 1240 2872 iudignum
1268 2807 1353 2854 oon-

249 2894 534 2979 terr.,1so,quod
560 2897 658 2958 frator
678 2897 782 2957 virum
802 2898 958 2982 apponas,
986 2896 1086 2960 frater
1114 2904 1186 2958 tuus
1213 2917 1278 2959 nou
1305 2899 1351 2960 fit.

249 3006 369 3070 Similis
395 3005 475 3067 ratio
496 3011 548 3064 ost
569 3003 737 3083 proverbio
758 3004 831 3066 250.
874 3005 969 3068 Cous.
993 3003 1074 3087 Cap.
1095 3006 1121 3081 1,
1140 3003 1211 3068 357.

452 3181 996 3374 ngfflb
1065 3227 1141 3315 tot

245 3450 329 3521 439.
381 3449 496 3522 Miser
519 3474 594 3522 non
622 3451 675 3520 'est
700 3475 768 3550 per
793 3445 1012 3522 Kahkairum
1038 3448 1170 3520 socius.

286 3599 346 3662 Vir
367 3599 505 3661 Kahkab
527 3597 733 3660 bon-Ahmru
760 3599 814 3660 vel
835 3598 953 3660 rectius
975 3596 1114 3659 Kahkah
1136 3596 1348 3659 ben-Sohaur

244 3709 423 3789 appellatus
452 3707 582 3787 passohro
610 3724 688 3786 erga
715 3706 840 3766 vioinos
869 3705 987 3788 agendi
1014 3699 1109 3766 modo
1135 3710 1233 3764 notus
1261 3679 1369 3777 orati-

244 3824 278 3877 ut
300 3816 369 3875 oius
390 3810 508 3894 agendi
533 3810 647 3872 modus
675 3810 707 3870 in
735 3811 940 3892 proverbium
970 3811 1096 3872 veniret
1124 3809 1211 3869 sicut
1239 3807 1344 3870 cnhbi

243 3919 467 3982 ben-Mamali
490 3917 622 3980 Solebat
643 3935 737 3996 opum
759 3926 882 3998 partem
904 3920 1010 3982 vioino
1033 3917 1115 3981 dono
1138 3909 1228 3998 duro,
1257 3934 1341 3978 uou-

243 4033 293 4088 tra
314 4027 424 4089 hostes
447 4024 613 4107 adiuvare,
636 4044 738 4088 rerum
760 4043 867 4089 curam
888 4028 1030 4109 habero,¹
1043 4035 1074 4088 ot
1096 4024 1180 4088 bano
1203 4024 1243 4087 ob
1257 4042 1340 4086 ouu-

241 4151 312 4194 sarn
330 4133 435 4195 vicino
456 4133 578 4219 gratias
598 4151 716 4218 agere,
758 4133 841 4218 quod
860 4135 959 4217 ipsius
986 4133 1103 4196 auxilio
1133 4149 1212 4194 usus
1239 4137 1339 4194 assat,

243 4238 332 4301 Dixit
352 4248 464 4320 poeta:
