3006 4908
671 322 715 363 -·
754 260 931 382 aro-⁵

158 497 161 512 ”
230 511 313 574 latus
335 524 408 570 cum
424 501 541 600 Hamlo
555 497 724 564 ben-Badr
742 499 840 564 fratre
850 497 1042 566 Hodsaiiahi
1062 501 1105 565 de
1131 503 1223 588 equis
1232 500 1341 566 Dahis

229 627 263 680 et
282 611 463 695 Aighabra,
494 606 567 668 duro
598 607 652 668 iiie
681 605 837 668 Dahisum
872 607 1156 692 praestantiorem,
1190 609 1257 672 hic·
1273 609 1341 670 At-

190 707 196 716 ’
228 723 381 808 ghabram
403 713 669 798 praestantiorem
691 731 767 774 esse
799 712 1020 798 contenderet,
1050 716 1094 778 ita
1130 725 1166 778 ut
1203 726 1343 798 uterque

229 829 341 893 decem
362 827 505 888 camelos
519 819 663 904 pignoris
684 817 874 906 loco'daret,
890 831 1053 886 certamen
1074 823 1196 885 inierat.
1240 824 1342 886 Hanc

229 955 307 998 vero
330 933 371 994 ob
404 949 471 993 rem
492 946 589 1011 quum
615 925 830 990 Kirwaschus
857 944 929 989 cum
964 928 1065 992 Kaiso
1087 930 1340 1014 colloqueretur,

229 1043 281 1107 hio
317 1041 432 1103 malum
470 1042 621 1098 eventum
650 1031 844 1113 praevidens
871 1053 939 1097 rem
961 1034 1132 1116 dissuasit3
1154 1044 1206 1118 at,
1237 1053 1343 1116 quum

228 1150 284 1210 iile
304 1166 372 1209 rem
394 1141 611 1206 necessariam
634 1139 753 1202 iactam
773 1157 849 1203 esse
870 1138 1006 1224 diceret,
1021 1141 1062 1203 ad
1083 1143 1235 1206 Hamium
1250 1143 1341 1204 ben-

228 1253 314 1318 Badr
335 1270 373 1316 ao
402 1249 536 1313 contulit
563 1246 686 1327 dicens,
715 1264 753 1307 se
782 1266 839 1326 pro
866 1245 957 1309 socio
978 1247 1096 1330 pignus
1119 1247 1344 1330 depositurum

229 1381 316 1426 osse.
358 1360 404 1420 Aa
425 1357 560 1418 Hamius
580 1351 751 1416 bon-Badr
772 1330 859 1417 fastu
880 1355 981 1416 elatus
991 1398 1003 1438 ,
1024 1373 1073 1435 so,
1096 1357 1157 1418 nisi
1179 1356 1249 1419 illos
1275 1357 1343 1420 de-

230 1487 300 1532 cem
318 1462 459 1528 camelos
480 1459 688 1540 adduxisset,
710 1459 825 1540 pignus
848 1458 1066 1540 depositurum
1090 1481 1180 1544 esse,
1203 1465 1343 1547 negavit

231 1585 265 1639 et
287 1591 384 1655 quum
415 1569 478 1631 hac
508 1566 548 1629 de
569 1583 670 1628 causa
692 1566 793 1629 iratus
814 1565 934 1627 Kaisus
955 1568 1070 1648 viginti
1096 1569 1239 1631 camelos
1260 1587 1342 1632 esse

233 1675 369 1746 didisset
382 1673 569 1756 etHamlus,
591 1668 803 1754 inroitriginta,
826 1671 1151 1757 dicereperrexisset,
1167 1673 1342 1738 dumunus

231 1805 358 1868 sempor
386 1787 521 1864 augeret
551 1779 680 1840 alterius
701 1797 877 1862 numerum,
899 1798 920 1841 a
940 1779 1042 1841 Kaiso
1065 1799 1169 1862 usque
1191 1779 1232 1844 ad
1254 1800 1342 1844 ‹reu-

231 1907 296 1960 tum
328 1895 479 1956 humerus
507 1894 624 1950 auctus
653 1897 714 1949 est.
763 1888 992 1968 Deponebatur
1017 1896 1126 1951 autern
1155 1887 1232 1952 iliud
1254 1908 1343 1952 con-

232 2005 377 2068 stitutum
400 1998 517 2081 pignus
537 1994 619 2076 apud
643 1991 836 2057 Girallakum
857 2002 914 2055 aut
928 1991 1079 2057 Ghaliaki
1099 1995 1208 2079 fitium,
1229 1995 1340 2075 virum

232 2118 373 2194 egente
394 2101 705 2169 Banu-'rsahtebah
726 2099 925 2165 ben-Sahd.
966 2101 1090 2164 Kaisus
1126 2103 1244 2166 Hamto
1274 2106 1342 2166 oli-

233 2218 329 2304 gendi
351 2213 452 2277 insin
473 2210 573 2272 tribus
594 2208 689 2270 rebus
711 2207 942 2276 constituendis
963 2209 1146 2292 concessit,
1177 2210 1289 2294 itaut,
1312 2212 1343 2274 si

233 2329 313 2390 aiter
334 2324 470 2405 primum
492 2316 629 2398 diceret,
660 2315 751 2378 alteri
772 2315 856 2376 duae
877 2333 931 2377 res
951 2316 1194 2381 constituendae
1216 2329 1331 2382 essent

233 2432 372 2496 Hamius
388 2424 513 2488 dicendi
534 2424 654 2484 initium
670 2423 832 2485 concessit
854 2422 955 2484 Kaiso
978 2431 1010 2484 et
1033 2423 1097 2505 hic,
1135 2433 1171 2487 ut
1198 2427 1340 2506 spatium

235 2557 351 2604 cursus
396 2543 525 2597 centurn
550 2531 741 2611 sagittarum
773 2529 910 2591 iactibus
938 2529 1138 2613 definiretur,
1164 2534 1343 2596 constituit.

235 2647 507 2722 Hamiustempus
521 2648 554 2702 et
574 2639 681 2702 locum
702 2635 844 2735 (pam),
869 2635 922 2697 ubi
941 2637 983 2699 ad
1006 2655 1133 2700 cursum
1155 2658 1339 2720 praepara.

233 2774 349 2838 bantur
370 2776 403 2830 ct
415 2763 581 2827 terminum
590 2759 652 2822 loci
661 2758 813 2857 (otim),
831 2757 935 2821 ubiad
943 2777 1058 2822 cursus
1071 2770 1233 2825 certamen
1242 2764 1343 2826 emit-

140 2927 143 2932 ¹
235 2895 394 2972 tobamur,
403 2889 511 2971 clegit.
520 2888 726 2948 'rumcursus
739 2883 879 2964 spatium
895 2885 1158 2948 constituebatur.
1173 2887 1252 2949 Erat
1265 2887 1341 2952 finis

236 3018 354 3064 cursus
377 2999 476 3060 fovea
498 2994 528 3055 in
551 2993 668 3055 collea
689 2990 801 3052 natura
823 2991 923 3072 facta,
939 2990 993 3052 ubi
1016 3009 1098 3072 aqua
1115 2992 1264 3072 pluvialis
1283 3013 1343 3055 re-

237 3107 424 3194 stagnabat‚
445 3100 666 3166 Dsat·0!izad
687 3100 857 3182 appellato,
880 3098 1001 3162 initium
1024 3116 1138 3162 cursus
1161 3102 1272 3184 aleco,
1288 3103 1343 3164 cui

236 3233 351 3280 nomen
373 3231 435 3274 non
458 3217 519 3291 est,
542 3208 722 3272 iaciendum
737 3217 815 3268 erat.
857 3205 970 3287 Equus
995 3216 1115 3290 arcem,
1146 3209 1200 3288 qni
1220 3209 1343 3289 primus

240 3322 281 3386 ad
309 3323 393 3383 iliam
424 3319 553 3382 foveam
581 3315 709 3379 bibendi
737 3333 858 3399 eausa,
904 3313 957 3375 siti
988 3314 1072 3377 euim
1101 3324 1198 3380 antea
1220 3313 1344 3379 adfecti

239 3437 343 3502 erant,
360 3431 562 3506 accesserat,
582 3421 748 3484 victoriam
769 3429 955 3502 reportasse
984 3420 1162 3500 putabatur.
1186 3409 1343 3498 ,nimius

237 3544 344 3600 autem
365 3533 467 3624 cibum
490 3531 572 3593 linis
594 3526 726 3619 (W)
746 3527 937 3609 appellatum
961 3531 1045 3590 'oum
1068 3528 1173 3591 situlis
1195 3529 1228 3590 in
1250 3530 1343 3593 collis

236 3655 395 3741 angustiis
417 3655 549 3736 (postea
571 3635 676 3742 „agit
703 3659 804 3738 „put
823 3648 933 3710 eadem
954 3647 996 3712 de
1024 3667 1122 3713 causa
1152 3653 1341 3747 appellatis)

237 3780 336 3844 sociis
364 3775 535 3840 latentibus
574 3774 721 3850 miserat,
752 3791 791 3832 aa
811 3769 993 3832 conditione
1016 3780 1069 3856 ut,
1098 3775 1127 3835 si
1151 3773 1254 3836 Dahis
1277 3793 1343 3856 ap·

237 3890 374 3970 peilatus
392 3898 494 3964 aquus
529 3880 663 3942 altorum
694 3894 791 3940 cursu
810 3877 1063 3960 praecessisset,
1087 3877 1174 3940 ilium
1196 3899 1217 3942 a
1237 3897 1342 3962 scopo

235 4047 495 4072 W

255 4133 283 4201 1)
300 4130 354 4178 Per
366 4121 545 4188 quodraginta
562 4119 663 4170 dierum
681 4117 794 4180 spatium
807 4114 917 4166 meliore
934 4113 1032 4176 pabulo
1048 4111 1105 4164 aliti
1122 4113 1148 4164 in
1165 4114 1343 4178 hippodromo

304 4217 518 4278 exercebantur,
537 4216 566 4264 ut
581 4211 604 4260 si
621 4207 785 4276 pinguetaeti
804 4209 910 4268 essent,
927 4203 1046 4269 graciles
1063 4207 1092 4254 et
1108 4205 1142 4254 ad
1160 4215 1268 4256 cursuro
1286 4208 1344 4271 apti

247 4307 251 4317 '⁴
302 4311 408 4360 flerent.
