2942 4936
464 369 792 433 ...77-

132 561 165 616 et
184 547 324 636 totum“,
348 511 385 614 ut
399 549 443 613 nil
459 550 645 613 retineatur.
665 549 730 611 Alii
742 557 849 614 autam
861 549 981 637 dicunt,
1000 567 1131 615 sonsum
1150 569 1235 615 esser

132 657 193 724 Sui
213 666 409 744 potestatem
429 659 556 740 plenam
571 657 601 718 ei
615 658 791 740 concessit,
812 666 847 722 ut
864 659 1026 724 cervicem
1047 661 1118 722 eius
1140 667 1235 722 teue-

132 776 192 831 ret.
235 765 332 847 Quod
355 766 384 829 ai
404 765 491 828 hunc
511 765 673 847 proverbii
692 782 826 828 sonsum
855 765 1014 852 admittis,
1040 766 1237 848 praepositio

132 903 169 960 aa
189 875 355 957 superflua
375 879 427 944 est
447 880 481 933 ot
503 871 656 936 suffixum
675 899 690 938 a
710 871 743 933 in
763 889 848 936 voco
868 871 956 943 athai
985 873 1027 936 ad
1048 875 1151 936 virum
1179 892 1236 935 re-
1328 895 1332 903 ·

99 1047 102 1060 ,
133 997 300 1062 ferendum
322 1004 386 1078 est,
409 1002 444 1057 ut
463 993 495 1056 in
515 1009 600 1056 voce
621 1000 701 1094 aad,
723 991 765 1056 ad
785 1013 862 1056 rem.
904 995 943 1062 Si
971 997 1056 1077 prior
1078 993 1237 1078 proverbii

133 1130 251 1193 sensus
272 1117 329 1180 libi
348 1116 453 1199 magis
474 1115 611 1198 arridet,
633 1114 819 1198 pronomina
848 1114 911 1178 duo
938 1116 979 1180 ad
1005 1105 1073 1180 rem
1098 1117 1235 1200 reseras,

130 1223 356 1308 praepositioni
370 1251 406 1308 ψ
416 1231 525 1308 autem
540 1222 807 1304 significationem
822 1222 1067 1303 praepositionis
1079 1251 1123 1327 &a
1143 1241 1234 1286 cunr

131 1348 262 1411 tribuas.
315 1343 563 1410 Observandum
594 1353 645 1407 ost
665 1343 988 1409 Scharaf-Aldinum
1009 1345 1108 1440 ..Q
1119 1388 1134 1430 ,
1155 1353 1193 1407 ut
1214 1364 1236 1410 a

131 1472 240 1536 radice
274 1467 356 1543 olla
384 1488 442 1551 pro
469 1466 527 1535 ltlo
555 1466 734 1568 derivetur,
762 1468 891 1531 habero.
937 1469 1081 1550 Uterque
1107 1466 1237 1552 legendi
1330 1511 1333 1514 -

130 1593 246 1656 modus
268 1591 434 1672 reperitur.
476 1591 541 1654 Hic
573 1589 690 1674 duplex
722 1592 873 1675 loquendi
906 1591 1020 1656 modus
1055 1578 1236 1680 aig'nillcat,

129 1720 198 1766 rom
220 1707 320 1764 totam
341 1701 425 1762 nullo
445 1699 548 1780 pretio
570 1706 707 1782 accepto
729 1698 837 1762 datam
859 1717 943 1763 osse.
976 1749 979 1757 ,

134 2099 191 2164 ll.
244 2089 277 2158 Ο
305 2084 428 2160 lusce!
455 2087 586 2182 (time)
620 2085 733 2160 oculo
761 2103 830 2160 tuo
856 2102 894 2160 et
919 2049 1048 2184 (cave)
1072 2084 1238 2187 lapidosi

213 2235 265 2296 De
294 2234 440 2296 cautione
471 2235 658 2298 necessaria
692 2203 879 2314 adhibetur,
919 2234 1031 2296 luscus
1059 2234 1142 2328 euim
1171 2253 1235 2296 uno
1268 2295 1270 2300 .

131 2342 225 2404 oculo
246 2344 337 2404 laeso
360 2341 403 2404 nil
423 2339 533 2404 vidoro
552 2345 670 2423 potest.
713 2341 771 2405 Sic
792 2341 998 2421 proverbium
1014 2341 1237 2424 explicandum

131 2459 199 2513 est:
220 2419 287 2554 ,fl
306 2441 422 2550 ,dub
448 2451 548 2534 nm
571 2449 671 2520 &rbi
693 2451 769 2550 ,pl
797 2447 815 2528 l

340 2620 921 2814 anaceto
993 2673 1022 2754 ι

133 2917 191 2984 12.
243 2909 356 3016 Apud
381 2938 469 2985 eom
494 2907 646 2983 divitiae
669 2925 758 2984 suut
784 2907 939 2983 oculum
956 2908 1216 2986 obcaecante.

211 3062 286 3124 Hoc
305 3061 337 3123 in
355 3060 526 3145 proverbio
553 3060 753 3143 participium
769 3060 898 3145 primae
922 3060 1157 3144 coniugatiouis
1185 3061 1236 3124 si-

127 3168 366 3252 gnificationem
387 3169 552 3233 secundae
574 3167 810 3231 obcaecans
835 3165 955 3230 habere
982 3167 1103 3232 dicitur.
1147 3170 1237 3233 San·
1312 3201 1317 3206 ·

129 3293 189 3338 sus
211 3281 319 3336 autem
340 3275 500 3357 proverbii
528 3273 602 3335 talis
636 3279 697 3334 est:
726 3280 834 3334 tantae
858 3282 972 3350 autem
995 3282 1069 3336 suut
1090 3275 1236 3358 divitiae,
1282 3356 1285 3364 Δ

131 3389 167 3444 ut
188 3380 227 3442 ob
255 3399 406 3464 magnam
429 3377 669 3462 multitudinem,
691 3395 755 3458 qua
776 3379 904 3442 oculum
924 3381 1090 3464 impleant,
1133 3399 1237 3462 poeno

130 3489 317 3552 obcaeceut.
358 3481 624 3552 Abu-Halimus'
650 3494 759 3549 autom
780 3487 881 3549 verbo
902 3487 953 3584 ,ln
975 3487 1109 3550 abeundi
1130 3488 1237 3571 signi-

30 3623 36 3628 ’
129 3612 311 3676 ficationem
331 3607 451 3691 tribuit,
473 3615 509 3670 ut
529 3610 689 3691 proverbii
710 3625 829 3670 sensus
851 3608 909 3670 sit:
931 3616 1153 3674 tantaeautem
1167 3613 1236 3700 eius

128 3726 202 3780 sunt
224 3717 366 3800 divitiae,
387 3726 425 3782 ut
444 3719 557 3781 oculus
576 3718 688 3781 iutuitu
710 3715 956 3798 obstupefactus
978 3701 1080 3779 abeat.
1121 3719 1236 3784 Aller-

129 3829 204 3887 rius
221 3824 359 3906 danique
380 3824 693 3908 dixit,-proverbinm
717 3823 831 3907 triplici
851 3821 946 3886 modo
969 3822 1133 3885 enuntiari:
1154 3827 1235 3922 afile

129 3975 221 4048 mr,
377 3949 455 4041 afile
477 3955 511 4009 et
530 3962 635 4048 W
660 3963 748 4044 ιδῃ,
770 3955 804 4009 et
823 3945 983 4028 proverbii
1004 3946 1157 4029 originem
1171 3967 1235 4012 ex·
1276 3998 1284 4023 ,

127 4069 263 4152 plicavit
273 4067 394 4132 dicens:
408 4069 673 4154 Quumpacorum
687 4087 839 4134 numerus
854 4067 976 4148 (mille)
988 4069 1152 4150 perfectus
1166 4082 1231 4156 ost,

129 4177 254 4242 carnelo
270 4176 396 4238 oculum
415 4196 528 4240 eruero
544 4179 661 4262 solent,
679 4197 721 4242 na
745 4177 889 4259 perfeeto
906 4194 1011 4238 rerum
1031 4185 1120 4240 statu
1142 4181 1235 4242 cala-

128 4283 225 4350 mitas
245 4279 433 4349 adducatur.
454 4281 576 4368 Opibus
595 4292 702 4350 autom
724 4283 911 4350 obcaecatio
932 4280 1136 4368 adscribitur,
1158 4286 1234 4368 quia
