3024 4922
710 313 944 380 -oee-

266 507 325 562 eat.
366 497 454 564 'tatia
474 505 544 562 erat
566 497 737 562 verboram
759 513 875 579 causo,
895 513 979 578 qnae
995 492 1147 560 Medinae
1156 494 1284 562 incolae
1294 517 1382 580 pro·

267 605 415 676 odeum

405 744 1052 950 Μοίψιῗβ

274 1029 357 1104 106.
411 1024 629 1100 bibentibus
654 1027 802 1127 saepius
828 1025 1111 1128 superveniens,
1137 1047 1252 1126 quam
1275 1024 1386 1104 Tho·

405 1157 528 1233 sallus.

349 1326 442 1394 eouf.
465 1325 544 1408 Cep.
569 1324 738 1407 xv1,72.
764 1321 1378 1422 ContenditAbu-Ohbaidahus,eum

269 1433 374 1498 Cuiiae
392 1435 543 1515 incolam,
575 1434 626 1494 cui
661 1449 777 1503 nomen
808 1437 901 1494 essct
935 1431 1060 1495 'flrofeii
1087 1433 1170 1494 ben·
1172 1432 1298 1514 Dailai,
1340 1435 1385 1496 ad

267 1548 397 1624 genten
417 1540 531 1601 Banu·
531 1537 647 1600 Ahbd·
648 1538 746 1599 Ailah
768 1537 849 1598 ben·
853 1535 1018 1601 Gbathfan
1032 1538 1243 1624 pertinentem
1265 1539 1384 1622 fuisse,

268 1646 323 1756 qui
342 1643 428 1709 haud
459 1644 615 1708 invitatus
641 1641 683 1706 ad
707 1643 808 1726 epula
836 1642 1022 1706 accederet.
1062 1643 1252 1726 cognomen
1284 1645 1386 1708 babet

268 1751 387 1852 v'bffl
419 1751 510 1839 μβ
549 1751 764 1820 l'hoiarlus
790 1752 1017 1831 nuptiarum
1052 1759 1085 1812 et
1129 1753 1386 1849 μιρἱβ

265 1875 494 1940 'Pboiaiius
521 1891 773 1958 sponsarum.
816 1875 880 1954 Qui
907 1891 1006 1956 quum
1036 1874 1157 1956 primus
1183 1877 1325 1939 omnium
1350 1877 1387 1938 iu

271 1984 400 2068 oppidis
424 1985 494 2046 tati
507 1979 602 2046 modo
628 1992 755 2066 ageret,
777 1982 901 2044 iactum
922 1989 985 2065 eet,
1005 1985 1047 2043 et
1065 1982 1134 2042 eius
1161 1981 1280 2063 agendi
1301 1983 1388 2046 rati·-

271 2103 365 2150 onem
390 2085 516 2148 mitem
537 2084 632 2174 μβ
652 2083 890 2164 appellantem·
916 2081 1051 2144 Arabes
1072 2091 1273 2162 campestres
1299 2100 1388 2162 eum,

272 2209 326 2290 qui
353 2207 395 2270 ad
424 2207 530 2270 mbum
558 2207 644 2270 band
671 2207 827 2269 invitatus
853 2195 1045 2287 accedebat,
1079 2208 1174 2302 vap„
1201 2203 1245 2266 ed
1274 2213 1387 2285 potum

270 2329 479 2393 accedentem
505 2337 613 2396 autem
645 2335 717 2418 tat,
740 2331 903 2412 appellare
919 2329 1075 2390 solebant.
1095 2325 1253 2410 Oppidani
1274 2337 1385 2393 autom

273 2455 313 2538 oi,
338 2450 391 2536 q'ui
426 2454 469 2536 ad
502 2455 609 2520 cibum
637 2454 817 2519 accedebat
843 2454 928 2520 haud
957 2454 1128 2537 invitatus,
1164 2473 1280 2518 nomen
1308 2459 1389 2544 pet,

273 2581 435 2645 dederunt
479 2582 537 2646 Sic
559 2600 667 2643 eorum
688 2591 786 2665 poeta
806 2583 837 2644 in
858 2581 1027 2644 versibust
1103 2591 1107 2599 “

320 2730 737 2864 ν’ἑῶιὲἒςῶὠέ
836 2710 1335 2859 τῦἕιτβέῑῶῖέἅὲἷῖ

326 2938 743 3080 ϊῑῖἑῖ-ιέἷὲἑω
843 2926 1332 3078 efflitoffliiffl

274 3152 507 3233 „Importunius
536 3152 577 3215 ad
607 3153 704 3234 epula
732 3153 865 3234 eiiornm
894 3131 1070 3235 accedens,
1089 3171 1189 3235 qnam
1212 3168 1326 3215 musca
1347 3151 1390 3215 ad

316 3259 419 3321 cibum
447 3269 626 3342 potumque.
671 3262 708 3324 Si
731 3261 958 3342 conspexisset
984 3261 1047 3324 liba
1076 3262 1107 3322 in
1137 3241 1290 3344 nabibus,
1311 3280 1391 3342 pro-

316 3366 404 3429 iecto
427 3367 458 3429 in
479 3387 588 3430 aerem
609 3366 796 3432 advolasset
819 3370 889 3430 sine
910 3369 1028 3430 velen.

267 3497 284 3526 t
364 3475 504 3540 Metram
527 3475 655 3540 'i'hawii
679 3485 737 3540 eat.
760 3493 790 3558 p.
815 3477 883 3540 161.

287 3637 291 3646 -
362 3590 578 3656 'Adfluentibus
614 3592 795 3674 contendit,
831 3611 949 3658 vocem
968 3591 1064 3682 μβ
1093 3611 1165 3657 eum
1193 3592 1391 3676 significare,

276 3715 328 3797 qui
353 3715 440 3779 hacd
464 3717 617 3778 invitatus
637 3715 679 3778 ad
701 3715 846 3780 hemines
867 3718 976 3800 intret,
997 3722 1034 3779 nt
1055 3717 1201 3782 derivata
1221 3719 1265 3781 sit
1284 3719 1390 3802 signi-

251 3821 385 3885 ·flcatio
406 3842 427 3884 a
446 3820 518 3908 μβ
540 3825 810 3906 „supervenit
836 3843 915 3887 nox
937 3821 1054 3909 diei“,
1078 3825 1153 3889 dum
1174 3825 1393 3888 Abu-Ahm-

277 3960 353 4007 ruua
397 3943 474 4007 voci
499 3949 570 4028 μβ
601 3940 810 4005 obscuritatis
840 3945 1109 4028 significationem
1143 3949 1258 4014 tribuit.
1300 3948 1395 4011 libn-

276 4041 466 4170 A'Iabrabies
488 4031 630 4159 ¹denique¹
659 4066 758 4151 dixit,
783 4069 834 4151 qui
867 4069 963 4162 μβ
989 4075 1170 4156 appellatus
1193 4083 1292 4152 esset,
1320 4094 1395 4139 cunt

202 4183 208 4190 ⁸
275 4211 401 4278 queque
421 4184 536 4296 “hai
560 4190 719 4276 appellari.
