2942 4936
129 794 190 864 93.
241 789 337 862 Esca
362 786 481 862 leonis
506 801 561 860 est
587 785 784 887 indigestio
811 787 902 889 lupi.

215 921 310 989 Conf.
330 918 542 990 Burekherdti
563 919 628 982 tibr.
651 940 681 1001 p.
703 921 775 986 107.

361 1039 1093 1250 Qffifflufflu'

127 1321 186 1396 94.
239 1307 457 1418 Lorigitudo
483 1319 562 1391 sine
587 1318 722 1390 merito
748 1330 785 1389 et
810 1321 889 1391 sine
921 1317 1093 1392 utilitate.

405 1472 487 1638 {di
515 1480 591 1596 riti
626 1467 744 1626 ‘iiiiii
762 1471 863 1599 {itt
932 1522 972 1601 ‘ie

126 1708 186 1777 95.
238 1701 471 1804 Obsequium
495 1705 532 1773 in
557 1702 769 1804 praefectos
795 1689 856 1776 est
876 1703 1140 1776 duramentum
1160 1730 1234 1803 po-

237 1830 383 1899 tentiae.

241 2091 246 2102 .
311 1955 617 2158 tuimet)
651 1959 943 2161 &ts‘didd
1015 2021 1053 2156 ‘u

125 2228 187 2303 96.
238 2222 454 2325 Longitudo
471 2226 787 2324 experientiarum
808 2239 863 2298 est
882 2241 1123 2323 augmentum
1142 2255 1232 2329 pru·

237 2341 394 2418 dentiae.

124 2739 182 2811 97.
235 2677 428 2840 Cupiditas
455 2674 718 2810 mentiens‘est
744 2749 947 2838 paupertas
974 2759 1160 2836 praesens.

205 2862 320 2926 Haece
362 2862 532 2943 proverbio
572 2862 729 2943 cupiditas
769 2860 977 2940 vituperatur.
1023 2859 1231 2923 Sabarai-

126 2970 255 3033 Aldin.

123 3312 184 3385 98.
236 3307 429 3408 Cupiditas
457 3251 636 3382 mentiens
657 3250 804 3383 eollum
831 3304 995 3412 frangit.

205 3429 299 3494 Haeo
319 3434 420 3496 rerba
442 3432 595 3496 Chalidus
615 3433 848 3498 ben-Zaiwen
872 3437 993 3500 dixisse
1014 3437 1122 3498 fertur.
1167 3430 1229 3493 Vir

122 3543 184 3604 iste
223 3542 329 3602 locum
364 3541 507 3603 altiorem
543 3541 603 3602 nbi
636 3549 858 3624 exstruxerat,
887 3560 982 3622 quem
1014 3539 1147 3622 pedibus
1176 3537 1228 3598 in-

123 3637 244 3710 eedeu's
265 3647 427 3730 attingere
447 3668 510 3711 non
532 3656 657 3730 poterat
680 3658 713 3712 et
734 3650 766 3710 iu
788 3665 852 3729 quo
875 3647 991 3708 nemini
1011 3647 1071 3707 nisi
1091 3646 1153 3727 ipsi
1168 3662 1226 3706 se·

125 3753 218 3815 dandi
245 3757 338 3818 loeus
366 3766 445 3819 erat.
487 3758 562 3819 Hoe
590 3758 622 3818 in
649 3757 722 3819 loeo
751 3756 792 3818 ob
819 3755 987 3818 avaritiam
1014 3755 1104 3816 solus
1134 3751 1230 3814 edere

126 3859 257 3922 solebat.
299 3860 428 3924 Aceidit
449 3871 574 3943 autem,
598 3870 632 3923 ut
652 3860 760 3923 Arabs
782 3859 814 3921 iu
836 3860 960 3922 camelo
989 3859 1113 3919 vehens
1143 3865 1228 3918 tem-

124 3981 202 4044 pore
224 3962 337 4025 edendi
357 3965 524 4027 adveniret
542 3974 575 4027 et
590 3984 715 4027 manum
743 3965 887 4026 sumendi
917 3983 1017 4027 eausa
1032 3961 1229 4024 extenderet.

124 4065 248 4129 Eodem
280 4078 439 4132 momento
474 4079 546 4132 uter
573 4079 670 4133 vento
705 4078 886 4133 commotus
916 4072 1073 4133 carnelum
1101 4067 1228 4174 terruit)

123 4181 157 4235 ut
176 4175 356 4256 aufugeret.
398 4176 517 4237 Arabis
538 4177 653 4238 deiecti
675 4178 792 4239 uoltum
813 4176 950 4238 fractum
972 4182 1031 4237 est.
1062 4173 1157 4253 Quod
1171 4174 1227 4235 vi-

123 4279 203 4342 deus
225 4277 379 4343 Chalidus
401 4279 463 4341 ista
483 4282 584 4343 verba
604 4280 693 4342 dixit.
