3012 4908
157 833 219 900 70.
273 798 456 899 Mendesii
484 823 573 898 mihi
602 851 673 898 ova
699 829 776 897 avis
804 826 988 898 Sammab.

238 991 441 1053 Vocabulum
461 994 540 1056 aab„
565 991 612 1052 ΡΙ.
641 993 765 1074 „plan
785 991 858 1054 avis
878 1010 993 1056 nomen
1025 1003 1077 1056 est
1100 994 1256 1059 hirundini
1355 1021 1367 1040 =

155 1113 281 1195 similis,
304 1113 395 1174 cuins
417 1131 481 1174 ova
501 1131 594 1174 nemo
623 1114 755 1192 assequi
784 1120 901 1192 potest.
944 1115 1013 1178 Sed
1034 1116 1152 1199 legitur
1171 1137 1254 1199 quo·

153 1239 230 1302 que:
253 1213 387 1321 palacii
412 1247 490 1308 vam
513 1239 596 1296 „ova
627 1219 829 1282 formicarum
856 1219 1048 1284 rubrarum“
1074 1232 1108 1286 et
1135 1229 1254 1326 Mimo

153 1344 181 1404 si
203 1343 339 1406 Kamusi
360 1341 585 1405 auctoritatem
606 1340 762 1422 sequeris,
787 1361 903 1404 nomen
924 1345 997 1407 avis
1019 1355 1079 1411 est.

153 1828 212 1895 71.
264 1819 454 1892 Mandasti
479 1819 572 1890 milii
599 1817 802 1892 medullam
828 1819 1003 1894 culicum.

236 1984 320 2046 Rem
341 1983 503 2046 difficilem
525 1981 683 2064 designat.

365 2165 416 2199 c.
460 2162 520 2199 ao,
566 2141 647 2200 ‘aa
683 2142 798 2201 ‘om
830 2142 912 2204 60,
1135 2193 1141 2206 .

329 2219 523 2336 343ss
560 2154 948 2340 &salegast
1018 2225 1061 2302 ot

154 2407 214 2476 72.
267 2377 445 2474 Fractum
505 2403 645 2477 hailans
705 2403 878 2478 lumbum
929 2422 966 2480 et
1017 2406 1281 2497 monoculus,

261 2565 387 2614 omnes
414 2545 522 2642 pravi
549 2561 647 2618 sunl.

241 2726 354 2789 Verba
389 2727 472 2789 haec
502 2727 624 2790 dixisse
660 2728 761 2789 fertur
788 2727 947 2790 Amamah
976 2727 1040 2788 filia
1067 2726 1257 2790 Noschbahi

151 2833 377 2910 ben-Mortah,
401 2853 497 2915 quam
517 2836 568 2897 vir
589 2836 774 2898 monoculus
803 2855 822 2897 a
843 2825 940 2918 geute
954 2833 1131 2917 Ghathian,
1155 2835 1257 2898 Chal-

150 2941 478 3005 l'us'ben-Rewahah
488 2943 666 3024 appellatus
686 2964 717 3003 ur
734 2943 962 3004 matrimonium
984 2942 1128 3005 duxerat.
1151 2942 1265 3032 Quin-¹

150 3067 213 3132 que
240 3049 323 3112 lilios
352 3067 448 3130 quum
470 3050 670 3129 peperisset,
702 3055 769 3110 tam
798 3047 1014 3132 immorrigera
1041 3052 1073 3113 iu
1109 3051 1257 3112 maritum

149 3156 270 3228 evasit,
292 3163 326 3216 ut
347 3173 418 3215 eam
440 3151 571 3231 repudio
593 3152 774 3214 dimitteret.
795 3155 877 3216 Post
896 3157 947 3215 vir
968 3155 1095 3235 quidam
1118 3161 1256 3237 egente

147 3258 395 3338 Banu-Solaim,
416 3255 611 3318 llaritsahus
641 3251 866 3318 bau-Marrah
896 3259 1092 3342 appellatus,
1113 3260 1255 3322 lumbum

151 3371 291 3433 fractum
313 3361 448 3442 habens,
469 3369 504 3422 ut
526 3358 734 3440 claudicaret,
751 3360 947 3438 repudiatam
968 3366 1256 3445 apatroetlratre,

115 3499 119 3505 ·
152 3470 268 3552 quibus
297 3467 328 3528 in
359 3466 472 3527 itinere
501 3472 696 3548 occurrerat,
717 3465 749 3526 in
770 3465 999 3528 matrimonium
1020 3466 1080 3528 sibi
1100 3471 1199 3548 petiit,
1223 3477 1257 3532 et

150 3594 246 3657 quum
274 3572 358 3634 dona
385 3569 516 3652 pulchra
547 3568 699 3652 offerret,
731 3569 868 3649 accepit.
909 3569 1026 3633 Mulier
1054 3578 1160 3633 autem
1188 3590 1256 3633 rem

151 3688 285 3754 audieus
300 3688 362 3750 ista
374 3686 475 3748 verba
487 3684 580 3769 dixit,
603 3686 730 3766 quaein
753 3685 953 3766 proverbium
968 3683 1129 3746 venientia
1148 3682 1255 3763 sigui-

151 3775 268 3884 licaut,
304 3813 372 3858 rem
411 3792 453 3858 ab
488 3799 623 3872 utraque
657 3800 750 3870 parta
783 3809 916 3873 pravam
951 3797 983 3852 et
1012 3785 1256 3866 vituperandam

113 3892 117 3902 ¹
151 3923 237 3991 e'sse.
278 3927 397 3990 uonna
418 3925 508 4027 μ’
528 3922 756 3986 deminutivum
778 3933 829 3986 est
850 3941 869 3988 a
886 3922 1038 4026 ,μί
1060 3936 1117 4001 pro
1130 3902 1256 4015 μί.

153 4047 373 4137 supplendum
393 4054 502 4109 autem
524 4051 575 4107 est
596 4043 712 4146 ,5593
734 4039 874 4106 mariti
895 4044 976 4107 mei
996 4042 1071 4106 duo
1091 4044 1195 4105 sunt.

152 4171 243 4234 Dixit
263 4175 375 4255 poeta:

930 4359 1008 4465 aa·
