2990 4920
689 317 897 380 ...90...

244 496 307 576 Qui
326 515 385 560 rex
394 493 423 575 ¹)
437 515 533 579 quum
546 497 607 559 lter
626 498 843 579 sucepisset,
858 515 930 558 euru
942 513 1074 558 uxorem
1093 500 1154 558 seio
1176 496 1249 559 loco
1271 496 1351 560 roli-

243 604 352 686 quisse
372 613 572 686 regnantem*
611 602 731 667 Fuisse
745 611 852 666 sutem
866 604 969 666 locum
977 645 987 684 ,
1001 603 1033 664 io
1045 620 1107 683 quo
1122 603 1151 664 si
1163 603 1350 668 inmuose-

242 711 382 793 cissent,
409 711 473 774 boc
499 711 648 774 militibus
678 710 889 774 conveniendi
927 712 1057 793 signum
1093 721 1196 774 esset
1236 711 1349 774 Nocte

241 816 378 898 mnodum
398 818 530 900 reginae
550 819 673 899 puellas
694 818 845 880 ludentes
869 818 988 879 fumum
1010 819 1086 900 igne
1115 835 1255 879 occense
1283 835 1348 879 ox-

242 923 410 1006 citavisse,
440 932 476 987 ut
502 921 618 986 milites
645 924 853 986 convenirent
878 933 912 987 et
938 927 1070 1006 reginae
1102 943 1123 986 s
1137 945 1144 956 ·
1158 923 1347 987 consiliariis

242 1031 410 1098 eonsilium
430 1018 537 1100 dotum
559 1049 658 1114 esso,
680 1033 796 1095 milites
814 1031 854 1094 ed
878 1051 959 1112 opus
981 1031 1160 1116 adhibendi,
1182 1053 1224 1096 uo
1237 1033 1294 1114 illi,
1316 1048 1347 1108 si

241 1146 356 1219 posteo
377 1137 496 1201 fumum
517 1137 674 1220 viderent,
702 1137 764 1200 boc
792 1137 853 1200 ioci
882 1157 982 1202 cause
1010 1136 1130 1202 fectum
1152 1156 1235 1205 esso.
1248 1147 1347 1218 pute·

241 1252 322 1308 reot
363 1229 492 1326 negem
511 1253 619 1308 sutem
648 1244 689 1306 de
715 1263 751 1307 re
781 1245 949 1310 certiorem
978 1247 1100 1310 lectum
1132 1246 1199 1308 ists
1225 1244 1347 1310 dixisse

241 1351 353 1412 verbu.
395 1351 477 1415 Rem
500 1351 739 1432 Alscherkijjus
767 1353 1050 1418 beo-Alketbemi
1076 1353 1167 1417 sliter
1195 1352 1347 1418 narravit·

220 1453 423 1526 'Borslriseh
445 1479 561 1524 nomen
589 1462 699 1524 uxoris
729 1462 888 1530 lrolsmsni
913 1461 1054 1529 Abditas
1081 1470 1158 1530 eret.
1200 1459 1347 1527 bolmo-

242 1583 303 1631 nus
324 1585 344 1628 o
364 1574 463 1647 geute
482 1566 704 1634 Boou-Dbsd
726 1568 877 1632 oriundus
909 1577 997 1651 erut,
1038 1585 1121 1651 queo
1154 1570 1348 1640 camelorum

242 1690 338 1742 cerne
359 1691 422 1736 non
441 1675 647 1740 vescebatur.
689 1676 792 1740 llilius
816 1695 858 1738 ox
886 1695 987 1738 uxore
1013 1677 1192 1744 Berslrisch
1217 1679 1347 1758 genitus

241 1779 1347 1864 odmebgmremporveoieosoiboexcipietotrrr.lteliessmoototi

244 1888 357 1949 corneli
379 1905 417 1949 os
447 1888 636 1970 reportavit,
659 1889 751 1956 edus
772 1897 937 1970 gustuum
959 1908 1056 1970 quum
1079 1891 1232 1971 optimum
1250 1890 1347 1968 iove-

240 1993 343 2056 nisset
377 1993 580 2077 lsokmonus,
608 1992 718 2078 fllium,
749 1993 822 2075 quid
850 2002 953 2076 osset,
982 1979 1202 2078 interrogovit.
1244 1995 1346 2057 Filius

242 2101 422 2186 respondit:
446 2101 570 2165 Comeli
591 2117 642 2184 os,
665 2119 760 2184 quem
781 2099 1015 2166 ovomotimei
1041 2109 1231 2164 muotsrunt.
1252 2087 1346 2162 Lok-

242 2229 354 2272 maous
374 2191 484 2274 sutem
504 2209 601 2272 dixit:
625 2209 751 2272 Comeli
768 2227 884 2270 cernes
905 2208 1009 2271 bonae
1030 2216 1115 2290 sunt,
1137 2206 1346 2288 quemadmo-

241 2316 315 2380 dum
353 2316 460 2379 video.
503 2319 572 2378 lsto
611 2315 713 2378 verbo
754 2336 836 2378 uxor
877 2315 1059 2378 Berskisoh
1094 2313 1226 2376 audiens
1261 2314 1348 2376 dixit:

240 2428 367 2510 ⁸}.,.”.,>l,
396 2425 492 2504 ω...»
516 2423 664 2504 „Comeli
684 2439 798 2484 cernes
821 2421 963 2485 edendos
984 2421 1075 2485 nobis
1096 2422 1148 2507 do,
1170 2431 1206 2484 ‘et
1229 2433 1262 2484 tu
1278 2423 1349 2504 ipse

242 2545 355 2608 cameli
372 2565 487 2608 cernes
500 2537 633 2620 edet‘fl)
656 2565 737 2627 quoe
750 2533 849 2609 verbo
868 2548 899 2608 in
910 2545 1068 2628 proverbii
1084 2545 1347 2610 cousuetudinem

241 2662 409 2716 venerunt.
453 2654 560 2734 Quum
580 2661 690 2718 sutem
710 2653 801 2716 hisee
822 2655 931 2715 verbis
953 2662 1133 2716 commotus
1153 2652 1343 2717 Lokmsnus

241 2759 433 2824 barokrsohi
453 2762 623 2846 gentisque
644 2739 713 2822 eius
736 2759 878 2823 camelos
900 2762 1006 2823 carnis
1034 2760 1219 2823 vescendus
1246 2778 1346 2825 oense

241 2868 425 2952 trucidaret,
447 2880 481 2932 et
503 2869 633 2953 cognati
654 2866 813 2930 Lokmani
835 2869 907 2931 eius
931 2851 1110 2951 enemplum
1137 2853 1347 2954 imitarentur,

241 2976 342 3037 verbs
362 2977 416 3038 illo
436 2976 634 3062 dicebantur,
655 2977 768 3057 quibus
792 2975 1002 3058 significetur,
1023 2977 1183 3042 nominem
1199 2996 1278 3059 opus
1291 2978 1345 3039 feu

241 3083 327 3170 cisse
348 3084 409 3145 sibi
429 3084 566 3149 noxium.
611 3083 737 3147 Cecidit
757 3084 944 3148 Homsehus
966 3083 1155 3147 ben-Bidh:
1184 3060 1189 3071 ¹

239 3221 748 3347 ww
850 3223 1366 3368 scene

238 3416 742 3564 efficientiis-33
845 3417 1348 3564 ,effingeres

241 3597 341 3682 „Non
362 3605 490 3679 propter
512 3599 641 3680 crimen,
665 3593 751 3678 quod
773 3594 1006 3679 commiseram,
1024 3597 1088 3672 iste
1110 3597 1276 3659 calamites
1296 3617 1348 3659 me

281 3701 423 3788 adflixit,
447 3724 553 3784 neque
574 3699 705 3765 sinistro
726 3720 829 3781 neque
851 3701 982 3764 dextero
1004 3723 1116 3766 monus
1147 3705 1178 3764 in
1211 3723 1264 3765 mo
1291 3704 1343 3765 in-

280 3811 366 3874 iuste
388 3819 474 3891 erat3
496 3809 555 3871 sed
575 3810 673 3871 irater
694 3827 873 3889 generosus
895 3808 926 3870 id
948 3817 1059 3871 contro
1090 3830 1142 3871 me
1173 3811 1343 3898 commisit,

283 3925 316 3980 et
337 3925 450 3979 contro
469 3922 599 3999 gentem
623 3935 715 3977 suom
736 3916 936 3980 Bsrolrisolra
957 3913 1075 3980 crimen
1099 3903 1298 3980 commisitf‘

212 4170 217 4179 Ι
260 4113 290 4172 1)
308 4114 418 4164 liumus!
436 4119 547 4180 auctor,
566 4113 645 4166 lotum
663 4127 757 4180 regem
774 4113 944 4165 Lolrmeuum
956 4115 1079 4167 Abditnor
1096 4116 1180 4166 fuisse
1198 4114 1347 4172 eduotovlt,

237 4211 288 4278 ¹2)
307 4215 336 4262 lu
354 4214 461 4265 rebeliis
479 4216 589 4265 verbum
606 4209 687 4285 ὁρ
705 4203 838 4286 brief?
856 4217 1026 4268 omentum
1049 4197 1277 4278 liquefactum
1295 4211 1345 4294 de-

307 4313 448 4366 rtvmoom
464 4327 527 4365 esse
545 4315 645 4368 dieitur.
679 4331 702 4367 e.
721 4314 787 4378 cap.
804 4315 843 4380 V,
862 4315 908 4364 bt.
