3018 4930
590 335 627 348 -
667 297 730 368 913
772 296 839 366 -,’

156 485 204 556 34
256 479 410 581 Rumpit
437 483 581 556 corium
607 499 644 558 et
668 511 743 558 non
770 501 929 588 reparat.

237 615 408 677 Hominem
431 633 635 697 corrumpere
655 637 708 680 res
731 627 764 680 et
784 640 848 682 non
870 639 1019 704 reparare
1042 625 1212 708 significat.

158 1003 217 1074 35
270 999 426 1100 Instigat
451 1017 488 1074 et
516 1005 594 1105 ipse
620 1021 675 1077 est
701 1007 866 1080 ultimus.

239 1135 407 1197 Hominem
429 1138 509 1198 alios
532 1139 573 1200 ad
595 1139 831 1202 festinationem
853 1142 1056 1225 incitantem,
1095 1143 1197 1206 dum'
1189 1164 1260 1225 ipso
1313 1194 1322 1208 .
1423 1155 1426 1165 “

156 1239 399 1302 cunctabundus
421 1249 486 1323 est,
509 1233 668 1326 designat

347 1405 395 1440 >
396 1388 490 1440 &aa

335 1399 681 1600 Ouangana-iti
708 1403 988 1590 ωὶὲῑζζ][,,’
1052 1465 1096 1546 ot

155 1653 217 1724 36
273 1645 358 1728 Oht
405 1651 500 1728 fidus
527 1661 701 1748 monitu,
729 1687 789 1732 eni
780 1658 895 1732 fides
916 1659 1137 1751 habebatui,
1151 1666 1260 1736 inter·

268 1781 360 1856 dum
386 1783 544 1886 decepit.
983 1833 1006 1876 0
1044 1852 1066 1897 ,3

238 1929 291 1991 Ad
312 1941 445 1996 metrum
466 1935 590 2016 Redjes
612 1937 724 2011 referri
745 1946 854 2018 potest
873 1936 922 2019 (p.
946 1919 1184 2018 230.].''Monet
1200 1963 1259 2007 nos

155 2036 371 2120 proverbium,
393 2061 435 2101 ne
455 2041 486 2102 in
506 2042 682 2104 hominibus
705 2042 833 2107 nimiam
856 2043 1004 2106 fiduciam
1026 2064 1191 2125 ponamus.

402 2203 498 2238 »mo
610 2205 675 2240 >0
724 2209 772 2240 0
818 2207 906 2243 ³02

295 2373 297 2378 ,
397 2215 940 2396 »φώβωψ
980 2261 1031 2338 tv

155 2441 227 2536 37(
264 2462 495 2566 Conspectus
522 2471 600 2540 eius
626 2467 767 2570 indicat
795 2487 940 2571 partem
974 2473 1052 2544 eius
1092 2470 1171 2546 aliis
1195 2475 1258 2545 in-

267 2594 465 2687 cognitam.
1277 2691 1282 2698 Χ

240 2721 294 2782 Ad
314 2732 448 2788 metrum
469 2722 594 2804 ltedjes
615 2723 727 2785 referri
748 2734 867 2804 potest.
889 2731 936 2806 (p.
957 2725 1049 2805 230.)
1093 2727 1261 2804 Quaenam

160 2825 205 2888 sit
226 2828 322 2890 animi
353 2830 425 2891 eius
447 2830 595 2908 conditio,
621 2849 663 2892 ex
696 2841 828 2894 externo
868 2833 981 2895 habitu
1015 2833 1169 2914 cognosci
1187 2843 1262 2914 pot-

158 2943 220 2999 est.
264 2939 385 3000 Similis
407 2941 488 3001 ratio
510 2949 561 3002 eat
581 2939 764 3025 proverbio,
787 2941 872 3024 qnod
895 2941 976 3038 (dap.
998 2943 1024 3026 1,
1041 2941 1207 3024 5.iegitur.

252 3099 990 3286 eoam

158 3377 220 3444 38.
268 3370 378 3469 Repit
405 3371 435 3440 ei
463 3370 500 3441 in
527 3365 680 3441 latebris
715 3366 870 3470 sylvosis
905 3382 942 3439 et
981 3369 1120 3440 incedit
1153 3375 1185 3443 ei
1223 3375 1261 3444 in

266 3499 358 3574 locis
383 3505 505 3602 ipsum
532 3502 751 3602 tegentibus.

244 3633 317 3696 Duo
338 3642 413 3696 sunt
434 3636 606 3716 proverbia
636 3636 667 3696 in
700 3633 961 3698 Semachscharii
997 3652 1094 3713 opero
1123 3630 1261 3693 diversis

159 3741 238 3802 locis
259 3741 419 3804 adnotata.
463 3743 500 3803 ln
521 3758 604 3803 voce
624 3742 725 3843 sis-aii
753 3741 943 3823 explicanda
963 3737 1182 3820 lexicographi
1199 3757 1262 3798 non

159 3865 370 3926 consentiunt.
412 3866 477 3926 Alii
497 3867 573 3927 voci
595 3864 863 3948 significationem
895 3863 1147 3924 latebrarum
1169 3863 1262 3942 syl-

159 3989 352 4034 vosarum
372 3973 412 4046 in
434 3973 563 4053 valio,
597 3973 648 4034 alii
670 3973 752 4034 ioci
773 3971 961 4054 depressi
997 3970 1146 4031 tribuunt.
1188 3969 1263 4030 Vo-

158 4079 309 4141 cabulum
331 4065 525 4176 autem-fid
550 4081 656 4142 locum
679 4079 852 4162 signifieat,
875 4077 927 4139 ubi
946 4076 1099 4139 incedens
1119 4077 1159 4138 ob
1183 4096 1259 4156 pro-

163 4201 303 4258 stantem
330 4195 442 4258 collem
463 4203 518 4258 aut
549 4195 649 4275 ripam
680 4195 771 4258 fluvii
802 4210 934 4256 exesam
965 4191 1169 4263 absconditus
1202 4201 1263 4255 est.
