3024 4912
666 303 893 364 ...482-

232 505 306 560 tuus
340 493 461 554 bonore
490 499 524 552 te
550 487 666 566 vineit,
703 483 897 546 submissum
931 490 964 542 te
992 481 1107 562 geres!
1152 480 1254 542 simiis
1283 486 1341 540 est

232 599 437 664 Proverbium
464 597 527 658 boe
558 593 679 656 duobus
714 593 794 652 loeis
816 591 898 668 (No.
931 587 1011 665 457)
1044 590 1075 648 in
1114 586 1226 649 codiee
1262 605 1341 648 meo

233 719 266 772 et
300 705 447 788 Lugdun.
471 703 597 784 legitur.

411 867 534 1042 w}
569 863 989 1060 &biblii
1057 912 1119 992 in

233 1152 318 1228 260.
371 1147 453 1221 Non
487 1160 540 1219 est
576 1148 698 1233 locus,
741 1144 804 1215 ubi
839 1167 963 1214 aromo
992 1142 1222 1230 occultatur,
1253 1158 1342 1239 post

374 1271 575 1352 Abrusum.

319 1438 411 1500 Alter
445 1437 605 1518 proverbii
631 1433 757 1518 legendi
786 1433 897 1496 modus
926 1441 989 1494 est:
1011 1463 1106 1528 ,me
1130 1447 1196 1516 ..tq
1223 1431 1291 1534 ,ina
1322 1436 1344 1497 t

238 1563 332 1624 „Non
354 1569 405 1622 est
420 1577 529 1622 aroma
544 1568 619 1641 post
633 1551 835 1621 Abrusurn“.
878 1557 1164 1620 Almofodbdbelus
1185 1559 1342 1642 narravit,

236 1669 385 1731 feminam
400 1749 405 1756 ι
420 1665 462 1730 ad
495 1675 625 1750 gentem
659 1665 821 1728 Aladsrsh
850 1657 992 1764 (spodi)
1029 1665 1256 1748 pertinentem,
1291 1667 1344 1728 oui

238 1811 352 1856 nomen
373 1793 478 1854 Asme
501 1790 567 1852 filie
587 1791 810 1853 Abbd-Aiiobi
831 1799 936 1871 esset,
959 1789 1061 1850 verbs
1095 1789 1178 1850 boee
1210 1789 1345 1852 dixisse.

240 1900 302 1964 cni
323 1917 420 1980 quum
442 1897 574 1959 moritus
595 1898 742 1959 Abrusus
765 1897 943 1977 appellatus
965 1903 1067 1958 morte
1088 1906 1218 1978 ereptus
1240 1906 1343 1979 esset,

238 2008 330 2071 alteri
352 2007 495 2070 Neuielo
525 2007 683 2087 oppeiieto
710 2005 828 2085 nupsit,
850 2005 920 2065 viro
944 2025 999 2066 ore
1020 2004 1163 2087 foetenti,
1187 2024 1286 2068 evoro
1308 2014 1344 2067 et

239 2115 295 2178 viii
325 2117 428 2179 animo
457 2113 611 2196 praedito.
654 2112 718 2190 Qui
751 2129 844 2194 quum
877 2112 1029 2173 oromatis
1056 2113 1204 2191 sqnoium
1233 2113 1345 2192 proie-

241 2229 328 2284 etum
356 2219 441 2301 opud
463 2238 595 2280 uxorem
618 2235 709 2279 susm
731 2218 967 2296 conspexisset,
992 2215 1084 2278 dixit:
1107 2218 1160 2289 Ad
1183 2225 1214 2279 te
1236 2237 1346 2284 aromo

240 2335 327 2390 tuum
349 2317 460 2386 sume!
487 2325 545 2386 llis
566 2332 672 2385 autern
695 2323 871 2404 respondit:
894 2327 991 2420 w?
1015 2341 1081 2409 ὼ.)
1109 2325 1174 2428 ,ia
1200 2325 1221 2391 t
1242 2328 1344 2409 „Non

241 2465 292 2518 est
312 2463 518 2536 orornapost
546 2454 742 2517 Animum«
764 2455 829 2517 Alii
857 2466 963 2518 eutem
985 2457 1033 2517 sie
1053 2458 1256 2538 proverbium
1279 2477 1344 2518 ex-

240 2563 367 2645 plieont.
408 2563 469 2624 Vir
496 2581 638 2641 ‚uxorem
670 2580 734 2624 non
769 2563 850 2625 bene
879 2565 1015 2625 olentem
1046 2564 1078 2626 in
1112 2566 1345 2640 matrimonium

241 2671 384 2734 duxerat.
401 2672 482 2733 'l'um
497 2691 567 2735 eam
581 2669 749 2733 deductam
766 2669 924 2752 adipsum
939 2672 1164 2754 interrogovit:
1184 2673 1246 2736 Ubi
1267 2693 1348 2736 ero-

242 2797 294 2841 ma
316 2775 393 2840 ost?
436 2778 615 2858 Respondit
636 2779 706 2840 illo:
749 2779 785 2839 ld
808 2779 979 2841 occultavi.
1007 2781 1100 2842 Dixit
1118 2789 1184 2842 tum
1212 2784 1347 2844 moritus

242 2913 335 2981 ,me
359 2901 425 2968 oq
457 2883 523 2966 [ῤ’
547 2882 568 2946 t
591 2883 692 2964 „Non
720 2891 773 2946 est
804 2885 913 2967 loeus,
941 2888 994 2948 ubi
1018 2907 1129 2951 oroma
1154 2889 1346 2964 oeeultetur,

242 3015 316 3089 post
337 3001 524 3088 sponsnm“.
559 3005 767 3068 Proverbium
798 3017 905 3071 autem
926 3010 967 3072 de
988 3030 1027 3072 eo
1048 3010 1179 3094 dieitur,
1201 3031 1233 3074 rn
1255 3015 1348 3076 euius

242 3114 395 3176 honorem
421 3118 455 3171 et
479 3111 631 3192 gaudium
652 3130 764 3174 omnes
784 3133 837 3175 res
858 3117 1020 3195 pretiosae
1041 3117 1287 3202 exhauriuntur,
1310 3130 1348 3181 nt

244 3221 274 3280 in
296 3219 392 3281 futuri
413 3220 566 3300 temporis
588 3238 680 3282 usum
707 3241 770 3284 non
791 3225 1014 3287 recondantur.

245 3699 328 3770 270.
379 3693 434 3766 Ne
461 3695 602 3792 mingns
628 3694 665 3765 in
694 3707 862 3793 puteum,
890 3677 1013 3802 equo
1040 3701 1184 3778 bibisti!

326 3868 365 3928 Ei
387 3867 509 3949 dieitur,
532 3867 586 3948 qui
607 3869 690 3930 male
717 3867 758 3972 de
791 3891 831 3934 eo
851 3874 998 3960 loquitur,
1022 3879 1075 3958 qui
1097 3878 1156 3957 ipsi
1178 3879 1344 3942 benefecit

387 4044 565 4232 ,sot
595 4017 713 4201 253,ss
748 4038 854 4206 gx
888 4059 998 4197 ss
1030 4060 1087 4175 e
1139 4102 1191 4181 o
