3024 4912
610 322 837 386 -tto-

166 493 218 556 iris
238 493 336 558 utitur
356 496 406 560 vir
427 497 594 577 prudentia
621 509 654 562 et
674 509 836 582 potestate
858 507 1039 592 praeditus,
1062 510 1116 593 qui
1139 501 1270 594 euicere

163 609 285 684 potest,
307 610 343 665 ut
364 604 523 684 posterior
545 607 666 689 negotii
686 626 763 688 pars
784 612 920 691 priorem
940 619 1086 699 attinget.

368 771 503 921 xiiio,
535 747 598 898 dt]
634 757 788 956 ...ξι
806 758 949 952 cssti
1013 826 1054 902 o
1156 829 1173 843 ¹·

162 1027 222 1100 28.
277 1021 426 1098 Camela
466 1025 560 1101 lacte
604 1029 821 1120 abundans,
848 1036 1067 1132 quaereris
1100 1049 1268 1140 tempore

262 1149 419 1248 peperit,
440 1151 581 1264 'opibus
623 1151 906 1227 adnumeranda
944 1172 982 1227 et
1016 1159 1121 1232 cibus
1146 1177 1213 1234 est.

245 1296 519 1361 Abu-Obbaidus
540 1299 617 1362 dicit
645 1303 814 1381 proverbio
845 1302 1020 1385 significari
1052 1308 1265 1394 celeritatem,

163 1417 226 1480 qua
248 1402 346 1464 rebus
366 1405 560 1470 necessariis
581 1407 728 1470 satisfiat.

371 1535 427 1596 60,
483 1565 499 1596 ο
602 1577 621 1595 α
863 1567 915 1601 Η

353 1623 444 1739 re
480 1613 617 1754 exe
654 1614 690 1755 ἒ
724 1540 827 1762 ei
855 1598 945 1760 po
1010 1622 1046 1703 e

157 1831 218 1902 29.
269 1826 454 1902 Omnibus
482 1825 696 1902 hominibus
724 1829 950 1904 camelorum
977 1856 1131 1908 suorum
1168 1838 1265 1912 noti·

272 1957 323 2028 tia
349 1968 414 2028 est.

239 2105 323 2167 Rem
352 2121 447 2184 quern
474 2101 659 2186 possident,
681 2103 827 2166 homiues
855 2105 971 2186 optimc
999 2117 1148 2171 noscunt.
1191 2110 1260 2174 Sa·

155 2210 398 2273 machscharius
426 2212 491 2292 legi
522 2213 626 2308 p413>
652 2213 679 2295 3
707 2229 888 2293 „equorum
917 2209 1077 2275 suorum“
1103 2214 1261 2279 adnotans

156 2333 254 2413 dixit,
278 2335 378 2396 verba
398 2334 461 2396 ista
481 2335 605 2398 dixisse
626 2334 803 2396 Ahmruum
827 2335 1048 2399 ben-Alahlba
1061 2336 1261 2402 ben-Albai·

156 2449 242 2505 tsum
263 2443 457 2522 Sadusitam,
482 2442 523 2506 ad
546 2455 641 2523 quom
663 2443 737 2504 trita
758 2452 853 2505 veste
874 2441 1026 2523 indutum,
1048 2445 1177 2507 foedum
1198 2445 1260 2510 ad-

154 2557 270 2630 spectu
281 2595 292 2633 ,
323 2550 522 2612 monoculum
549 2551 736 2632 venientes,
788 2551 828 2611 ob
861 2567 1042 2614 sermonem
1078 2553 1256 2638 pulchrum,

154 2673 218 2742 quo
239 2675 296 2719 eos
317 2658 541 2739 alloqueretur,
563 2655 769 2719 admiratione
791 2655 1011 2719 adficerentur.
1049 2659 1132 2719 Eum
1152 2658 1259 2740 sigui·
1327 2671 1330 2676 '

152 2763 252 2827 ficare
273 2764 433 2844 votuisse,
454 2781 533 2826 suos
551 2763 612 2845 ipsi
635 2762 844 2844 principatum
863 2782 925 2824 non
945 2761 1115 2828 tradituros
1140 2760 1268 2847 tuisse,

152 2871 214 2934 uisi
232 2871 460 2934 eiusnotitiam
486 2869 688 2934 habuissent.
710 2870 920 2932 Proverbium
936 2867 1111 2953 siguificat,
1127 2875 1258 2950 gentem

152 2998 283 3044 suarum
304 2999 409 3041 rerum
429 2979 606 3057 meliorem,
628 2997 721 3060 quam
744 2979 825 3040 alios
846 2978 990 3040 notitiam
1011 2976 1140 3042 habere.

151 3405 211 3475 30.
262 3401 340 3474 lem
365 3401 419 3476 fui
445 3399 539 3490 talis,
567 3413 608 3472 ut
643 3400 818 3488 camelus,
854 3423 931 3500 quo
968 3397 1143 3490 veherer,
1176 3423 1255 3475 non
1376 3401 1380 3409 ’

265 3524 481 3599 duceretur.
600 3611 605 3620 ,

232 3675 397 3741 Seahdum
426 3674 588 3762 beu-said
616 3675 731 3737 Mouet
758 3672 859 3736 Alflsr
889 3667 1146 3753 cognominatum
1174 3687 1254 3749 pro-

146 3783 249 3848 verbii
269 3792 432 3848 auctorem
455 3803 530 3847 esse
556 3783 674 3846 dicunt.
716 3783 817 3864 Alflsr
840 3788 934 3862 pater
961 3778 1068 3860 gentis
1095 3775 1255 3840 Tamimi-

146 3899 249 3954 tarum
280 3898 341 3954 est.
384 3889 526 3954 Uxorem
561 3889 698 3954 duxerat
732 3888 881 3952 feminam
911 3905 930 3948 e
968 3892 1066 3969 gente
1099 3882 1256 3969 Taghieb.

146 3997 220 4062 Filii
256 3998 325 4062 eius
358 4007 449 4062 eraut
490 3996 649 4061 Zahzaah
684 3995 881 4059 ben-Ahmir
915 4005 948 4058 et
980 3993 1143 4058 Hebairah
1170 3992 1255 4055 beu-

146 4105 519 4191 SairdffiGraudaevus,
541 4114 576 4168 ut
603 4106 674 4187 ipae
692 4105 873 4186 camelum,
892 4123 954 4188 quo
980 4102 1169 4185 veheretur,
1196 4120 1254 4162 re·

72 4295 76 4306 ,
143 4234 224 4298 gere
236 4234 299 4280 nou
315 4224 438 4299 posset,
459 4214 522 4279 ista
536 4213 636 4279 verba
648 4212 729 4278 dixit
743 4212 921 4278 Zahzaaho
943 4211 1101 4276 camelum
1115 4208 1254 4276 ducenti.
