2942 4936
557 349 828 435 *nss

119 555 251 618 cohorte
274 557 400 618 Dausar
421 556 603 638 appellata,
626 556 806 636 quipeoora
823 577 932 626 eorum
947 559 1070 640 abegit,
1092 567 1218 620 etuxo-

118 682 171 724 res
195 663 374 743 liberosque
396 662 427 723 in
447 663 672 744 'eaptivitatem
698 663 837 724 abduxit.
879 665 941 724 His
969 665 1107 744 peractis
1135 683 1218 746 gens

120 771 244 832 'l'amim
266 769 307 831 ad
329 788 441 850 regem
464 770 588 850 legatos
610 771 714 851 misit,
743 771 794 851 qui
815 780 977 852 peterent,
1020 780 1055 834 ut
1074 771 1219 834 homines

119 875 336 938 redderentur.
379 876 452 938 Rex
473 875 627 959 decrevit,
655 877 739 937 utin
761 877 925 939 voluntate
946 876 1143 957 captivorum
1165 895 1219 938 res

118 991 299 1061 poneretur.
343 980 405 1058 Qui
427 982 560 1061 velient,
583 980 732 1062 redirent,
747 981 899 1072 nolentes
913 992 1120 1044 remanerent.
1142 985 1222 1045 Erat

120 1099 228 1152 antem
249 1090 279 1150 in
301 1088 447 1170 eligendo
469 1088 627 1150 dissensio
648 1089 728 1150 inter
749 1091 897 1169 captivos
918 1071 1122 1154 otiiiiaKaisi
1137 1092 1220 1154 ben·

87 1231 91 1240 ·
125 1197 240 1258 Ahzim
267 1196 351 1277 apud
380 1216 469 1274 eum,
503 1197 556 1275 qui
587 1215 657 1258 earn
688 1197 848 1274 captivam
879 1198 1021 1279 fecerat,
1057 1217 1222 1259 remanere

121 1321 212 1382 quarn
237 1301 278 1363 ad
298 1301 444 1364 maritum
466 1300 568 1362 redire
591 1301 737 1362 malebat.
760 1300 855 1378 Quod
876 1322 972 1383 quum
994 1303 1115 1364 Kaisus
1137 1303 1221 1365 ben·

121 1407 238 1470 Ahzim
261 1408 402 1492 audiret,
425 1428 462 1470 se
484 1427 594 1470 omnes
618 1409 760 1492 puellas,
776 1395 878 1488 stquae
909 1409 970 1488 ipsi
998 1419 1221 1490 nascerentur,

119 1517 215 1579 vivas
237 1495 444 1598 sepelitnrum
466 1535 543 1578 osse
564 1516 689 1578 iuravit.
731 1517 855 1577 Decem
876 1515 959 1578 filias
980 1517 1076 1579 vivas
1099 1519 1221 1599 sopoli—
1271 1588 1278 1598 .

120 1625 179 1707 vit.
222 1622 285 1700 Qui
307 1641 377 1684 mos
400 1623 430 1684 in
451 1623 571 1684 familia
593 1623 664 1683 eius
684 1629 828 1682 retentus
849 1623 880 1682 in
903 1639 1002 1682 causa
1035 1632 1122 1703 erat,
1166 1641 1223 1688 our

121 1733 152 1792 in
175 1730 293 1792 Coroni
312 1730 390 1790 libro
412 1747 466 1790 res
487 1731 731 1810 vituperaretur.
775 1727 869 1789 Coni.
892 1729 965 1792 Sur.
986 1729 1038 1808 81,
1060 1729 1091 1793 8.

461 1872 890 2062 ωὼᾶωω

125 2147 184 2214 51.
238 2144 354 2238 Magis
381 2165 508 2213 errans
534 2166 649 2242 quam
675 2141 845 2214 Sinenua

208 2290 280 2352 viri
314 2310 431 2354 nomen
467 2299 521 2352 est
549 2290 690 2353 Sinanus
721 2288 1060 2351 ben-Abi·Haritsah
1085 2289 1228 2354 Morrita.

125 2397 229 2476 Quem
252 2415 347 2478 quum
367 2415 448 2478 gens
469 2404 598 2477 propter
619 2394 775 2456 beneficia
796 2396 828 2456 in
850 2395 931 2456 alios
953 2395 993 2456 ab
1014 2396 1084 2477 ipso
1113 2399 1229 2461 collata

46 2533 49 2540 ¹
124 2505 336 2566 vehementer
356 2505 584 2583 vituperasset,
610 2501 765 2561 camelam
788 2499 938 2580 Aldjahul
948 2502 1139 2582 appellatam
1148 2523 1229 2576 con·

124 2609 249 2671 scandit
271 2617 304 2670 et
326 2610 357 2670 in
380 2607 542 2670 desertum
565 2607 625 2668 iter
648 2605 772 2668 direxit.
801 2608 977 2688 Nunquam
999 2609 1067 2671 eius
1088 2613 1229 2694 vestigia

123 2725 250 2796 reperta
272 2722 359 2794 sunt,
380 2723 415 2776 ut
434 2713 573 2775 nonnulii
596 2732 669 2774 eum
691 2731 711 2773 a
732 2712 940 2774 daemonibus
962 2714 1127 2796 abreptum
1141 2737 1228 2800 esse,

125 2830 279 2903 putarent.
322 2821 362 2883 ui
383 2830 492 2886 autem·
511 2818 679 2920 vij-M
703 2819 818 2898 ’Um
846 2821 1087 2883 ”Errabundum
1114 2827 1229 2888 animai

125 2942 320 3008 Gnathfann
330 2943 642 3026 cognomeudantes‚
652 2944 759 3006 dicere
772 2945 933 3007 solebantz
945 2947 1194 3047 &hamdan
1209 2951 1229 3014 t
1334 2955 1335 2958 ’

124 3066 236 3164 miehi
261 3068 339 3130 'adim
372 3093 458 3168 [ἦ
507 3067 603 3128 nNon
638 3067 671 3130 id
713 3068 829 3130 faniam
871 3068 974 3131 donec
1021 3059 1230 3134 errabundum
1289 3089 1293 3100 ·

124 3189 240 3252 animal
262 3185 440 3250 Ghathfaui
461 3188 600 3252 redeato
624 3182 743 3252 Habuit
769 3191 866 3252 fliium
895 3193 1059 3262 Harimum
1088 3195 1230 3262 bon-Si-

125 3315 189 3358 non
212 3295 397 3356 iiberalitate
419 3304 537 3356 notum.
561 3295 644 3356 conf.
666 3309 737 3394 Ἀρ
761 3332 804 3381 0¹
830 3301 915 3388 φὶ
939 3306 971 3362 et
991 3319 1083 3380 prov,
1104 3302 1155 3366 52,
1207 3289 1209 3296 ’

125 3709 185 3774 52.
235 3704 351 3799 Magis
379 3727 520 3788 errans,
549 3667 779 3802 quarn-folia
808 3693 969 3778 Keraths
1002 3705 1178 3808 colligens
1211 3739 1232 3785 e

238 3844 350 3924 gente
377 3824 564 3898 Alinasnh.

211 3967 305 4029 Conf.
327 3967 367 4031 C.
387 3971 414 4051 1,
435 3967 508 4029 371.
534 3969 661 4029 Nomen
682 3970 741 4031 viri
763 3979 815 4032 est
835 3970 1016 4036 Jadsoorus
1032 3974 1232 4043 ben-Abno-

127 4071 197 4136 salr.
217 4073 505 4136 Ebu-Alainabius
528 4073 693 4136 historiam
715 4095 847 4138 narrans
869 4077 965 4140 dixit:
987 4080 1120 4143 huiusce
1133 4103 1232 4150 eausa

128 4197 211 4261 gens
233 4179 392 4242 Kodhaoh
415 4199 456 4242 ex
479 4178 557 4241 urbe
577 4180 696 4244 Mesoa
715 4184 894 4265 emigravit.
904 4184 1138 4251 Chosairnahus
1151 4193 1233 4254 ben-

130 4285 229 4346 Malie
249 4285 447 4349 ben-Nahd
477 4285 656 4348 Fathimam
678 4287 771 4352 filiam
802 4288 954 4352 Jodsoori
983 4291 1233 4380 ben-Alinasalr

967 4459 989 4522 9.
