2990 4916
588 303 816 370 ..505-

141 489 246 550 Dixit:
259 488 461 571 Praeeipiam
475 489 582 554 utbis,
596 489 707 570 poeain
728 497 879 570 tapam
893 481 1028 558 bonum
1051 465 1257 572 tum'inoepit‘
1354 535 1357 540 .
1372 537 1375 544 i

145 593 267 658 dinero:
829 641 833 652 .

143 701 284 783 „Poenis
315 701 479 778 difficilia.
500 711 536 764 et
570 703 641 764 eius
666 704 756 764 anaia
782 704 878 786 longa
908 710 968 764 est.
1011 703 1076 782 Qui
1106 706 1138 766 in
1172 725 1244 770 earn

141 806 310 870 adscendit
331 825 403 870 eam
424 825 487 870 uon
506 826 657 890 noscens,
681 810 750 872 eius
768 827 827 889 pes
849 807 891 870 ad
918 809 1057 871 intimum
1074 809 1247 892 :dolabitun

143 933 215 978 nam
237 915 347 995 poesia
367 915 417 994 oi,
451 917 505 995 qui
534 934 606 977 eam
627 917 742 978 iniuste
765 923 901 994 tractat,
923 916 1075 978 obediens
1096 937 1160 979 nou
1181 925 1244 980 ent.

144 1020 318 1101 Eleganter
334 1029 366 1082 et
384 1041 463 1102 pure
480 1039 610 1084 narmen
624 1023 733 1086 dicero
746 1023 830 1104 vult,
853 1031 887 1084 et
918 1024 1081 1086 barbarice
1112 1024 1144 1085 id
1159 1024 1247 1104 dion,

146 1128 296 1207 quamvis
310 1129 338 1188 ei
359 1147 487 1208 semper
508 1129 654 1192 inservit.
697 1129 760 1208 Qui
776 1130 909 1192 inimicis
930 1131 1050 1213 stigma
1061 1131 1166 1212 inurit,
1180 1131 1249 1192 eiam

143 1234 389 1298 instrumentum
411 1231 587 1314 manet“.')

163 1342 337 1404 Dixerunt:
348 1341 585 1422 Praeoiponam
600 1341 674 1404 illud
690 1349 743 1402 tuo
756 1344 828 1404 tneo
846 1343 888 1404 nil
899 1341 1041 1422 prodest.
1051 1343 1157 1405 Dixit:
1174 1332 1249 1422 Ego

142 1449 352 1530 perlongum
375 1449 525 1528 temporis
555 1449 692 1528 spatium
720 1447 850 1509 firmiter
872 1450 972 1511 fultus
1000 1467 1088 1510 eram
1110 1459 1143 1510 et
1166 1464 1249 1508 eon*

142 1563 193 1617 tra
213 1553 436 1617 adversarium
457 1575 564 1618 meum
584 1556 701 1618 aeriter
728 1555 899 1636 litigabam.
921 1558 955 1617 N
957 1573 1018 1618 une
1038 1555 1144 1618 anima
1172 1571 1247 1617 mea

147 1661 327 1746 deseendit,
348 1672 382 1724 et
403 1665 466 1725 iam
486 1683 550 1725 non
572 1658 853 1743 dominumtuum)

229 1770 403 1830 DIxerunt:
447 1761 618 1848 Praecipe!
647 1788 721 1829 nam
750 1769 826 1829 iilud
852 1777 906 1829 tuo
936 1770 1008 1832 ioco
1035 1767 1077 1830 uit
1100 1766 1248 1850 prodest:
1283 1851 1286 1854 Ι

147 1877 232 1939 'rum
263 1875 409 1955 ploravit,
452 1875 610 1936 Dixerunt
637 1875 750 1954 igitur:
790 1874 859 1936 Cur
891 1873 1024 1954 ploras?
1055 1875 1160 1938 Dixit:
1200 1872 1250 1935 0b

146 1981 260 2062 poesin
285 1981 411 2062 bonam,
439 1981 530 2041 ouius
551 1981 652 2042 malus
683 1981 801 2041 relator
827 1987 887 2042 eat.
930 1981 1102 2042 Dixerunt:
1145 1981 1251 2044 Prae·

146 2090 217 2169 nipe
238 2089 432 2170 pauperibus
460 2079 545 2150 rem!
588 2089 693 2150 Dixit:
720 2089 891 2168 Praecipio
921 2087 980 2166 iis,
1010 2095 1047 2146 ut
1073 2096 1188 2170 rogent
1217 2101 1252 2150 et

148 2197 309 2276 praeeipio
327 2195 523 2270 bominibus,
551 2203 587 2255 ut
615 2195 653 2256 iis
685 2215 747 2255 non
785 2194 881 2276 dent,
929 2195 1103 2257 Dixerunt:
1133 2194 1253 2256 Manu·

146 2302 234 2363 mitte
245 2319 377 2361 servum
389 2307 491 2381 tuum,
507 2318 645 2382 mamper
659 2300 787 2380 triginta
803 2318 903 2361 annos
918 2299 972 2359 tibi
982 2298 1081 2378 pavit.
1095 2299 1202 2359 Dixit:
1218 2300 1253 2358 Is

146 2424 263 2468 nervus
273 2411 337 2484 est,
353 2402 501 2484 quamdiu
511 2403 542 2466 in
554 2410 637 2466 terra
650 2414 704 2464 est
725 2403 873 2478 Abbsita.
895 2405 976 2468 'l'um
988 2403 1084 2470 dixit:
1105 2407 1141 2465 In
1159 2405 1250 2466 asino

148 2531 218 2574 meo
240 2530 291 2572 me
312 2510 387 2572 vohi
405 2510 500 2571 sinito
521 2517 553 2569 et
569 2510 687 2570 circum
708 2509 794 2572 hune
810 2511 922 2572 coliem
939 2531 991 2572 me
1012 2509 1252 2590 circumducito,

147 2638 221 2681 nam
241 2619 273 2680 iu
298 2617 389 2680 asino
419 2633 599 2698 generosus
627 2624 771 2677 mortuus
792 2636 855 2678 non
877 2625 947 2696 est3
968 2617 1036 2678 fieri
1057 2603 1251 2700 igiturpat-

147 2737 215 2807 est,
258 2733 293 2788 ut
320 2723 466 2786 dominus
494 2742 587 2785 meus
611 2724 828 2786 misericordia
850 2725 913 2786 mei
934 2724 1108 2786 adficiatur.
1150 2725 1251 2786 Eius-

147 2853 209 2915 que
222 2834 318 2915 igitur
339 2832 394 2894 filii
409 2831 472 2893 duo
491 2851 561 2894 eum
576 2832 605 2891 in
617 2835 742 2893 asinum
765 2832 965 2892 sustulerunt
979 2839 1011 2891 et
1027 2831 1096 2892 eius
1113 2825 1251 2892 brachiis

148 2943 250 3022 captis
273 2941 395 3004 eireum
417 2939 530 3002 collem
548 2939 672 3001 asinum
686 2939 902 3020 propulerunt,
922 2938 997 3001 dum
1009 2939 1078 3017 ipse
1093 2936 1153 2998 hos
1175 2957 1255 3000 var-

148 3065 206 3109 sus
230 3048 372 3108 dicebat:

191 3154 334 3230 Tempus
357 3153 420 3213 iam
442 3149 607 3214 festinavit
626 3159 660 3210 et
672 3149 818 3212 fortunae
829 3169 926 3212 casus
939 3161 1081 3215 vestram
1093 3151 1254 3215 adducere

147 3257 323 3318 orbitatem.
336 3256 484 3317 Contenti
496 3265 600 3317 estote
608 3256 792 3336 festinante,
802 3275 875 3318 uam
884 3267 916 3319 et
931 3276 994 3338 ego
1003 3267 1172 3321 contentus
1181 3277 1253 3322 sum

151 3371 183 3423 et
211 3381 262 3423 me
290 3362 435 3423 dimittite
461 3362 492 3421 in
521 3370 635 3423 terram
667 3361 856 3441 obscuram,
884 3363 1146 3443 quemadmodum
1173 3366 1254 3426 iuter

150 3469 244 3529 funos
265 3469 381 3550 longos
403 3468 497 3529 situla
519 3461 760 3546 demittitur“.³)

233 3577 406 3637 Dixerunt:
451 3573 479 3636 0
508 3553 799 3635 Abu-Matinabe!
839 3573 910 3652 quis
945 3576 1083 3653 optimus
1111 3574 1255 3637 Arabum

149 3692 246 3762 poeta
267 3678 346 3744 est?
366 3682 473 3744 Dixit:
495 3682 570 3743 Hoe
599 3680 761 3761 foramen,
790 3677 917 3761 quando
952 3681 1068 3743 bonum
1097 3681 1196 3761 eupit,
1219 3687 1254 3742 et

169 4013 196 4080 1)
214 4019 330 4067 Metram
347 4015 448 4082 Dedjaa
466 4023 516 4068 est.
534 4033 557 4080 p.
575 4019 651 4067 ΒΜ·
730 4025 735 4033 ·

166 4124 196 4188 2)
215 4125 333 4175 Mettum
352 4120 454 4188 Redjes
472 4129 523 4174 est.
541 4137 568 4184 p.
585 4125 645 4176 231.
792 4093 798 4106 ¹

44 4307 52 4318 1
166 4233 195 4297 ³)
215 4235 330 4283 Metram
350 4235 441 4284 Dasitb
460 4237 510 4284 est.
529 4249 551 4286 c,
569 4249 594 4296 p.
610 4235 676 4314 ,¹⁹⁰¹
