3012 4908
255 499 313 566 60.
366 489 518 590 Optima
551 491 660 585 origo
693 483 919 558 camelarum
946 481 1137 558 velocium
1161 499 1216 558 est
1243 485 1363 585 ipsius

361 639 479 713 origo.

277 729 281 738 Ι
338 765 372 824 ln
393 782 465 825 eum
488 761 613 843 dicitur,
635 761 689 844 qui
710 738 805 823 nobili
824 777 946 843 genere
968 767 1056 822 ortus
1081 768 1141 822 est.
1203 729 1210 735 ⁵
1238 841 1240 849 Ι

593 933 634 977 ὅ)
807 939 923 975 urtam

570 945 683 1072 tauji
706 989 743 1091 3
776 977 932 1114 ,spu
1003 995 1036 1074 ol
1146 1089 1149 1100 Δ

254 1215 312 1280 bl.
363 1207 471 1280 Sicut
497 1207 667 1280 barriens
694 1204 855 1279 camelus
881 1208 919 1278 in
944 1205 1103 1280 stabulo.

295 1373 466 1436 Vocabulo
498 1386 556 1440 ttae
572 1373 732 1435 stabulum
748 1371 879 1452 (caula)
896 1372 1061 1436 arboribus
1075 1382 1275 1436 exstructum
1285 1375 1361 1457 sig-

152 1581 156 1589 Ι
195 1507 199 1520 ’
252 1495 407 1560 nificatur.
424 1497 532 1579 Saepe
545 1497 765 1583 admissarius,
780 1508 815 1561 ut
830 1498 870 1561 ab
880 1497 957 1560 initu
972 1499 1167 1581 cohibeatur,
1183 1498 1362 1582 ibiadliga-

253 1614 313 1668 tur.
332 1607 366 1666 Is
382 1605 464 1667 hano
476 1605 516 1667 ob
531 1623 662 1668 causam
676 1605 853 1708 k33³⁴·(pro
876 1605 1177 1708 &mappulum
1190 1607 1223 1667 A
1235 1608 1360 1668 camelo

253 1731 284 1790 in
314 1730 442 1792 stabulo
468 1731 599 1794 multum
627 1730 791 1815 mugiente
819 1738 851 1793 et
883 1730 1005 1812 mugitu
1032 1729 1074 1790 nil
1112 1728 1300 1810 proliciente
1329 1729 1361 1789 in
1402 1792 1405 1802 A

253 1837 355 1900 virum
385 1835 572 1900 translatum
595 1846 664 1921 cst,
693 1838 785 1899 cuius
807 1855 914 1919 neque.
937 1836 1036 1898 verba
1056 1854 1162 1918 neque
1183 1835 1270 1898 lacta
1292 1836 1359 1895 vim

254 1944 378 2008 babent.

254 2409 313 2480 52·
364 2403 470 2478 Sicut
497 2409 724 2507 praestantia
749 2427 805 2480 est
833 2408 925 2509 pulli
949 2407 1092 2499 cameli,
1110 2414 1217 2483 cuius
1244 2426 1363 2482 mater

362 2533 548 2629 concepit,
574 2556 651 2630 qua
678 2531 823 2632 pullum
850 2532 1080 2607 ablactatum
1106 2537 1234 2608 vincit.

336 2696 435 2758 Nulla
463 2695 518 2757 vel
546 2695 715 2760 admodum
739 2716 843 2777 parva
873 2700 953 2760 inter
983 2715 1152 2780 utrumque
1179 2697 1362 2760 differentia

157 2850 166 2860 .
254 2811 314 2864 cst.
341 2804 534 2866 Ablactatus
563 2804 688 2890 (Qut)
716 2808 892 2887 appellatur
922 2809 1046 2889 pullus,
1082 2806 1208 2888 quando
1244 2825 1360 2886 aquam

253 2927 329 2988 bibit
356 2938 389 2988 et
415 2929 535 2990 arboris
563 2929 639 2991 folia
668 2927 752 3012 edit,
788 2929 914 3010 quando
948 2937 1058 2991 autom
1094 2926 1301 2991 admissarius
1328 2929 1361 2989 in

254 3037 394 3096 camelas
414 3043 571 3117 tempore,
584 3055 647 3116 quo
670 3035 746 3127 dja
774 3030 992 3118 appellantur,
1020 3037 1214 3117 immittitur,
1236 3037 1361 3097 camela

196 3251 203 3266 .
253 3162 351 3242 022&
384 3159 516 3239 eiusque
557 3163 660 3240 pullus
690 3163 788 3246 ool&
814 3163 868 3258 &l
906 3161 1092 3241 appellatur.
1143 3160 1235 3221 Duos
1271 3160 1361 3248 viros

220 3335 222 3342 ,
253 3282 373 3342 virtute
393 3301 497 3363 paene
528 3285 653 3366 aequali
672 3285 843 3365 excellere,
866 3283 1069 3364 proverbium
1091 3281 1263 3363 significat.

253 3745 314 3812 53.
362 3741 529 3840 Mugitus
555 3740 633 3809 eius
659 3752 796 3837 aequat
818 3752 1027 3824 vocantem.

333 3907 595 3975 Abu-Olibaidus
617 3906 705 3985 dixit,
718 3909 922 3988 proverbium
944 3909 1007 3969 boc
1029 3906 1230 3968 notissimum
1254 3905 1386 3996 signi-⁹

169 4029 171 4034 “
251 4019 370 4103 ficare,
399 4039 467 4081 rem
493 4019 713 4081 necessariam
739 4019 915 4100 perdoctam
944 4034 1037 4096 esse,
1065 4023 1237 4096 antequam
1259 4013 1362 4093 petita

251 4127 303 4189 sit.
346 4128 383 4188 ln
415 4146 486 4189 cum
516 4143 643 4206 quoque
678 4125 810 4206 dicitur,
839 4125 892 4206 qui
927 4123 983 4185 tibi
1012 4131 1175 4204 tempore,
1204 4134 1266 4202 quo
1289 4119 1361 4184 cius

252 4232 370 4296 arrxilio
385 4251 477 4317 eges,
491 4240 621 4315 praesto
634 4253 697 4295 non
712 4242 773 4316 est,
788 4231 860 4294 inde
874 4231 1114 4294 excusationem
1130 4239 1259 4313 petens,
1275 4227 1361 4311 quod
