3014 4906
701 339 933 404 ..590-

263 533 296 588 et
321 523 513 588 abstinentia
539 523 571 587 in
603 522 666 586 hoo
693 519 819 586 runudo.
841 521 922 582 Tum
949 519 1186 601 interrogasse:
1209 521 1369 599 Quisnam

262 651 372 693 eorum
394 631 642 713 potentissimus
658 625 727 692 est‘i
749 627 970 710 Respondisse
991 630 1140 690 alterum:
1162 629 1369 696 sirinissima

261 739 505 802 mausuetudine
529 750 562 802 et
588 739 796 819 intelligentia
825 735 1003 818 praeditus,
1037 755 1134 818 quum
1165 738 1368 819 ignorantiae

260 857 432 909 accusatur
453 856 486 908 et
513 847 753 910 liberalissimus
782 863 909 925 eorunr,
938 862 1032 924 quum
1065 853 1205 926 rogatur.
1231 847 1368 931 ‚Porrot

262 955 415 1033 Quisnam
451 973 558 1014 eorum
596 952 826 1014 subtilissimus
858 951 986 1032 iugenio
1022 960 1089 1012 ost:
1140 951 1369 1032 Respondisse

261 1063 413 1124 aiterum:
436 1060 500 1139 Qui
521 1069 685 1122 secretum
711 1078 804 1120 suum
827 1059 867 1119 ab
899 1077 957 1140 eo,
980 1076 1073 1139 quem
1095 1067 1201 1138 aurat,
1222 1062 1368 1121 ueneritne

260 1171 388 1244 tunnas,
408 1185 448 1228 ne
469 1165 638 1249 aliquando
660 1167 728 1247 ipse
750 1165 914 1228 indicetur.
935 1166 1051 1226 Porro:
1075 1164 1231 1243 Quisnam
1255 1186 1366 1231 eorum

259 1273 477 1338 astutissimus
500 1268 573 1334 eset
587 1271 810 1353 Respondisse
824 1272 976 1334 aiterum:
1001 1270 1064 1348 Qui
1084 1290 1163 1352 opes
1179 1291 1259 1333 suas
1282 1274 1366 1334 bene

259 1379 458 1444 administrat
479 1386 512 1439 et
532 1381 564 1443 in
585 1379 672 1440 vitae
694 1379 816 1440 ratione
838 1376 964 1440 modurn
986 1386 1108 1439 rectum
1131 1387 1227 1440 tenet.
1248 1377 1365 1441 Porro:
1439 1403 1442 1412 ¹

261 1485 417 1563 Quisnam
451 1483 700 1564 benignissimus
729 1503 837 1545 eorum
864 1479 940 1545 est?
966 1483 1189 1565 Respondisse
1211 1487 1364 1550 alterum:

261 1591 324 1670 Qui
345 1590 434 1652 hilari
460 1590 551 1652 vultu
572 1592 692 1654 amieos
714 1591 850 1673 exeipit,
872 1591 903 1652 in
931 1578 1156 1673 interrogando
1178 1593 1364 1656 comitatem

260 1695 413 1778 ostendit,
435 1697 487 1778 qni
508 1679 638 1759 fratrum
655 1697 720 1758 iura
735 1696 888 1776 observat
917 1697 948 1758 in
969 1716 1009 1758 eo
1031 1697 1259 1779 coneedendo,
1278 1698 1364 1780 quod

261 1804 321 1865 sibi
342 1802 532 1882 adsumunt,
555 1803 586 1863 in
617 1800 787 1864 visitandis
808 1802 961 1884 aegrotis,
983 1801 1014 1862 iu
1034 1803 1140 1864 sainte
1163 1803 1308 1888 diceudo,
1331 1807 1361 1866 in
1415 1817 1419 1822 ’

260 1909 449 1972 comitandis
470 1909 635 1974 funeribus
656 1919 690 1971 ot
719 1911 750 1970 iu
764 1911 891 1970 sincero
911 1888 1048 1990 monito,
1071 1910 1198 1989 quando
1212 1913 1361 1973 absentes

259 2017 489 2098 vituperantur.
541 2017 701 2096 Denique:
743 2015 899 2094 Quisnam
929 2035 1039 2078 eorum
1068 2005 1361 2081 firrnissiurussest:

237 2122 248 2206 J
260 2123 485 2205 Respondisse
505 2125 657 2187 alterum:
679 2123 712 2186 is
727 2124 819 2186 ouius
842 2123 924 2185 latus
945 2126 976 2184 in
997 2143 1033 2186 ro
1055 2132 1146 2186 certa
1168 2126 1279 2188 durnru
1302 2137 1362 2204 est,

261 2232 314 2312 qui
346 2229 516 2311 prudenter
554 2240 651 2294 eavet
687 2231 782 2308 simul
818 2229 964 2295 fidnoiaur
999 2231 1040 2320 in·
1075 2231 1146 2293 Deo
1176 2251 1300 2312 ponens
1329 2244 1361 2298 et

260 2336 399 2400 vicinum
420 2354 510 2398 suum
532 2337 572 2398 ab
593 2337 704 2399 iniuria
726 2335 897 2404 defendite.

319 2505 363 2528 a
535 2495 576 2528 θα
629 2498 645 2527 0
705 2470 771 2528 ’6οσ
828 2504 847 2525 a
885 2508 903 2528 a
963 2478 1020 2530 dn
1064 2508 1080 2528 a
1133 2475 1207 2535 ⁶0ae
1448 2493 1451 2498 ⁴

263 2755 351 2828 336.
400 2747 513 2840 Mors}
540 2779 638 2852 quae
665 2751 859 2824 dedecoris
886 2779 997 2827 causa
1023 2779 1099 2828 nou
1125 2771 1201 2846 est,
1229 2761 1359 2832 melior

404 2892 472 2961 est,
498 2899 612 2973 quam
637 2879 714 2947 vita
740 2879 777 2946 in
803 2901 947 2948 sarmata
975 2883 1141 2978 penuria.
1259 2874 1265 2884 ’

347 3021 524 3103 Proprie
544 3024 623 3105 trita,
647 3025 677 3085 in
700 3041 762 3105 qua
783 3031 903 3087 tautum
928 3029 1036 3090 rictus
1058 3031 1148 3092 nobis
1170 3043 1234 3112 est,
1256 3053 1360 3113 quau-

262 3138 327 3193 tum
360 3130 402 3193 ad
429 3137 606 3192 extremum
633 3133 720 3194 vitae
747 3133 890 3214 spiritum
913 3133 1091 3198 ducendum
1115 3138 1244 3199 sufficit.
1272 3139 1362 3199 lior-

262 3245 348 3303 tatur
369 3240 568 3320 proverbium
579 3286 589 3322 ,
612 3249 646 3303 ut
674 3250 807 3304 mortem
837 3243 972 3306 nobilem
993 3244 1081 3308 vitae
1115 3245 1244 3328 ignobili
1264 3267 1362 3328 prau-

262 3344 414 3408 feramus.
521 3335 539 3366 ’“

264 3717 348 3790 337.
399 3701 723 3800 Necessitnanon
748 3743 876 3786 rerum
902 3733 1052 3790 tuarum
1078 3744 1179 3792 cura.

343 3829 381 3892 ld
405 3839 471 3918 ost3
495 3833 544 3893 'fe
565 3831 684 3894 honore
705 3831 834 3914 adficit,
859 3834 942 3915 quod
966 3844 999 3898 tu
1014 3837 1056 3900 ¹ei
1081 3837 1287 3900 necessarius
1310 3857 1362 3918 es,

262 3955 324 3998 non
350 3937 433 4020 quod
455 3945 489 4000 te
509 3945 604 4000 amat.
630 3937 682 3998 De
703 3939 771 3999 viro
793 3939 972 4020 adhibetur,
993 3943 1047 4022 qui
1074 3944 1198 4006 nonnisi
1225 3944 1266 4005 ob
1293 3964 1363 4006 rem

263 4041 323 4122 ipsi
350 4045 566 4128 neeessariam
597 4051 630 4104 te
665 4046 785 4108 visitat.
821 4048 1033 4111 Samaohsch.
1073 4050 1140 4110 Aut
1173 4051 1362 4114 inominativi

262 4157 320 4211 aut
346 4152 526 4214 accusativi
557 4169 656 4214 easus
682 4155 818 4218 voeibus
840 4157 992 4218 tribuitur.
1035 4157 1072 4219 Si
1092 4159 1279 4221 nominativi
1299 4177 1361 4220 oa-

263 4275 335 4319 sum
357 4258 506 4336 admittis,
520 4260 732 4341 supplendum
753 4271 804 4326 est
825 4257 894 4329 edo
914 4265 1016 4346 haee
1037 4274 1100 4329 est
1114 4267 1381 4336 necessitas.
