3012 4908
683 307 965 404 -aus

249 489 370 576 „nixu
399 509 497 573 quum
517 490 612 556 amba
633 489 744 570 (amus
765 499 799 552 at
820 489 960 573 onager)
982 511 1025 554 ax
1047 494 1165 557 mantis
1188 499 1362 562 cacumine

240 595 460 682 prodiissent:
491 599 649 682 Mentitus
678 606 730 660 est
759 615 907 680 onager,
942 606 978 674 ¹et
999 601 1028 662 si
1057 602 1199 666 alatere
1225 606 1362 669 sinistra

247 705 345 768 venit
366 704 410 768 llt
423 704 523 787 ¹vides
543 713 616 786 past
638 722 707 789 aas,
729 703 854 785 quaudo
876 723 933 785 per
954 715 1071 770 terram
1093 710 1226 797 abeunt,
1249 715 1360 795 epul-

247 829 329 874 vere
347 811 434 873 elata
455 809 498 872 lri
519 811 655 873 similem
678 805 784 872 rem.“

329 917 471 978 Metram
490 914 604 977 Basith
627 922 687 976 est.
710 915 795 977 nans.
818 933 850 994 p.
875 914 944 978 199.

329 1021 473 1084 Verbum
494 1014 587 1106 φὰς
608 1020 640 1081 in
661 1020 793 1082 scholiis
815 1022 866 1082 sia
887 1023 1082 1102 explicatum
1104 1034 1171 1088 est:
1185 1041 1276 1126 μ
1302 1036 1357 1122 σς

247 1138 325 1243 [ψ
358 1144 426 1242 Ul(
450 1143 508 1242 &¹2
534 1142 617 1243 Oiai
643 1146 693 1231 &l
720 1145 745 1203 1.
781 1161 809 1203 e.
837 1144 1052 1225 „Languidus
1078 1158 1132 1212 est
1164 1151 1185 1212 i.
1223 1173 1252 1218 e.
1293 1175 1361 1236 pe-

245 1264 332 1328 tendi
347 1265 537 1332 tamaium
550 1266 604 1330 dat
618 1265 833 1346 (insalutati),
846 1271 907 1332 elsi
928 1287 948 1330 a
970 1270 1071 1333 latere
1093 1271 1223 1336 sinistra
1244 1275 1358 1339 adve-

242 1368 330 1438 nit.“
348 1374 430 1436 Mihi
451 1382 557 1436 autem
580 1374 750 1436 mentiendi
776 1375 968 1458 significatio
990 1380 1091 1442 verbo
1114 1383 1280 1446 tribuenda
1299 1386 1360 1446 vi-

246 1477 349 1562 detur,
370 1481 445 1560 quia
466 1499 588 1562 onager
608 1499 629 1542 a
649 1482 749 1543 latere
771 1483 900 1545 sinistra
926 1486 1074 1569 veniens,
1094 1489 1126 1548 iu
1157 1508 1220 1570 qua
1253 1492 1359 1555 latere

245 1585 386 1647 maxima
421 1585 578 1647 inaulaudi
606 1586 849 1669 incultarum,
878 1589 1042 1654 iaculatari
1070 1592 1178 1688 dicere
1206 1596 1354 1662 videtur:

239 1689 297 1754 'l'u
317 1710 370 1753 ma
391 1691 513 1772 sagitta
532 1711 594 1753 nan
621 1700 724 1773 petes.
766 1695 804 1755 lu
833 1694 896 1760 lraa
925 1697 1022 1779 igitur
1050 1708 1167 1778 poetae
1194 1705 1350 1768 mentitus

239 1811 324 1858 esse
343 1794 473 1861 videtur
495 1814 625 1880 onager.

243 2238 327 2309 190.
376 2231 576 2325 Pabulum,
600 2260 646 2308 ex
672 2261 749 2336 quo
775 2234 950 2340 pauperis
977 2240 1080 2316 iecur
1105 2240 1237 2320 dolare
1263 2247 1354 2324 adli·

372 2363 483 2442 citur.

321 2531 451 2616 Pauper
485 2533 593 2597 divitis
630 2534 855 2617 abundantiam
885 2541 1000 2603 videns
1027 2544 1155 2608 tristitia
1190 2548 1350 2618 adiicitur.

238 2639 407 2705 Proverbii
428 2641 526 2724 igitur
545 2643 654 2704 verbis
675 2661 794 2726 magna
813 2644 921 2725 pabuli
939 2647 1130 2714 abundantia
1148 2661 1181 2715 et
1193 2655 1254 2716 viri
1266 2676 1351 2738 opu-

237 2746 338 2810 lentia
364 2748 560 2812 describitur.
587 2751 625 2812 ln
653 2749 766 2814 audica
792 2752 899 2836 bugd.
920 2773 1021 2859 pugi
1042 2759 1168 2843 iegitur.

238 3212 322 3282 191·
372 3203 558 3279 Pabulum
585 3211 624 3281 iu
657 3235 735 3310 qun
769 3213 921 3318 alligans
948 3230 984 3289 el
1009 3215 1125 3293 libere
1153 3223 1345 3304 dimittens

371 3338 545 3438 aequales
570 3355 667 3414 sunt.

316 3486 423 3551 'l'anta
444 3499 495 3553 est
515 3494 623 3572 pabuli
645 3497 755 3578 capia,
780 3508 813 3558 ut
834 3501 877 3562 nil
899 3501 1035 3587 intersit,
1058 3525 1133 3568 num
1164 3509 1342 3574 iumentum

235 3589 397 3676 adligatur
418 3615 458 3659 an
481 3597 578 3660 libere
600 3598 781 3663 dimittatur.

481 3755 983 3921 uminum
1054 3839 1102 3918 ar

233 4047 316 4119 199.
368 4044 564 4138 Pabulum,
594 4050 699 4149 qu'od
727 4053 757 4127 is
783 4081 937 4132 exosum
963 4089 1041 4136 non
1069 4065 1176 4138 celat.

311 4192 424 4256 Pabuli
445 4215 594 4280 magnam
617 4201 744 4282 capiam
767 4203 917 4286 designat
938 4213 1154 4290 proverbium.
