2990 4916
0 617 78 677 ,5,

4 4143 20 4214 ni‘

10 509 44 566 nt'

12 744 44 808 tn

595 317 825 382 ..539-

246 503 300 564 No
321 497 439 565 homini
459 501 623 583 bonorum,
644 519 725 582 quae
747 503 777 562 ei
798 501 924 584 dantur,
945 497 1108 568 invideas!

268 634 1047 820 abdiam-soscsstt
1116 655 1320 850 torf·

168 909 251 982 433.
305 906 386 1009 Non
413 869 502 981 inihi
529 909 655 1008 placet
680 905 888 981 vulnerare
906 908 1038 982 facicm
1062 912 1166 982 socii.

252 1059 395 1119 Jonosus
408 1057 516 1141 dixit,
540 1059 664 1122 Arabes
686 1057 892 1153 proverbium,
906 1059 960 1134 ,sio
983 1059 1158 1138 explicare:
1180 1059 1269 1122 Vol·

170 1183 228 1246 pos
250 1166 386 1246 lapidem
415 1167 522 1228 album
548 1169 579 1228 in
611 1168 682 1228 loco
711 1167 805 1229 vaiiis
836 1174 976 1248 angusto
1004 1168 1182 1246 conspexit„
1224 1167 1268 1229 Ut

171 1271 294 1336 leonem
323 1272 489 1355 perderet,
521 1275 551 1333 ai
583 1273 671 1336 dixit.
712 1275 750 1333 ln
772 1273 867 1334 valiis
898 1274 970 1335 loco
997 1281 1137 1354 angusto
1168 1272 1269 1354 adeps

171 1385 231 1449 est,
255 1395 319 1458 quo
340 1379 435 1440 facile
456 1380 548 1460 potiri
570 1388 672 1460 potes.
717 1378 780 1456 Qui
800 1379 892 1440 locus
926 1396 1023 1460 quum
1044 1379 1137 1440 nimis
1158 1396 1269 1461 angu—
1372 1371 1375 1378 ’

170 1492 243 1545 stus
258 1495 360 1563 esset,
374 1505 467 1565 quarn
483 1495 517 1548 ut
525 1503 642 1566 corpus
653 1487 753 1570 leonis
766 1487 908 1565 intraret,
918 1486 1032 1565 vulpes
1040 1485 1069 1547 oi
1078 1485 1170 1547 dixit:
1183 1486 1269 1547 Pro-

169 1590 260 1653 truda
283 1585 398 1671 caput!
442 1593 510 1655 Leo
532 1593 639 1674 vulpis
660 1591 826 1654 consilium
859 1609 1000 1670 sequena
1036 1610 1112 1652 mox
1140 1592 1270 1654 firmiter

172 1700 243 1760 loco
264 1699 412 1780 inhaesit,
434 1709 469 1762 ut
489 1719 593 1781 noque
615 1700 717 1761 redire
743 1717 849 1780 nequo
869 1698 994 1778 prodire
1016 1706 1150 1779 posset·
1183 1699 1271 1760 Vul-

171 1824 230 1886 pos
259 1815 366 1868 autom
389 1806 513 1866 leonem
535 1808 566 1865 in
592 1805 706 1885 podice
725 1805 818 1865 laesit
841 1813 873 1865 et
895 1822 992 1883 quum
1013 1804 1063 1865 leo
1086 1823 1172 1886 cum,
1194 1802 1271 1889 quid

172 1920 303 1993 ageret,
325 1914 549 1992 interrogaret,
573 1910 749 1990 respondit:
773 1911 820 1974 Se
833 1909 1156 1989 eumiiberaroveilc‚
1178 1911 1272 1971 etio·
1309 1978 1313 1990 ,

175 2037 236 2079 ono
259 2016 397 2099 dicente,
419 2036 439 2078 a
460 2018 575 2098 capitis
597 2018 695 2079 latore
717 2017 780 2078 hoc
801 2014 982 2078 faciendum
1005 2019 1173 2091 ossa-ista
1192 2005 1271 2095 pro-

173 2125 275 2186 verbii
290 2125 389 2214 vcrha
400 2123 529 2204 protuiit
537 2122 875 2204 ,quibnssignificont,
885 2125 986 2184 virum
1001 2141 1038 2184 se
1054 2140 1131 2203 erga
1142 2123 1275 2196 alterum

173 2233 310 2294 amioum
329 2229 424 2292 fidum
448 2228 632 2311 ostendere,
654 2247 751 2310 quum
773 2228 915 2308 perfidus
937 2229 990 2290 sit.

399 2379 515 2552 AJK)
551 2410 703 2568 &053⁴
733 2378 829 2542 ὦ]
863 2408 892 2501 ii
961 2422 1043 2509 iii⁹

175 2631 259 2705 434.
310 2599 365 2703 Ne
392 2654 477 2699 eum
504 2644 640 2698 contra
665 2623 845 2712 honorem
877 2638 986 2696 tuum
1012 2626 1149 2712 excita,
1191 2655 1275 2698 nam
1387 2673 1391 2680 ·

315 2763 427 2856 (tibi)
454 2757 685 2832 adhaerebit!

220 2915 341 2975 idest:
363 2909 416 2968 Nc
438 2901 614 2984 permittas,
637 2905 795 2959 utcontra
815 2904 848 2958 te
870 2896 1026 2960 audacem
1053 2879 1092 2959 se
1122 2909 1224 2980 gerat.
1243 2910 1277 2961 ot

176 3026 329 3086 honorem
350 3025 440 3076 tuum
462 3008 578 3089 laedat,
601 3025 673 3069 nam
695 3007 758 3066 ista
779 3002 894 3084 agendi
921 3006 1003 3066 ratio
1036 3006 1067 3066 in
1097 3026 1218 3070 morem
1247 3007 1277 3068 ei

181 3538 267 3609 435.
316 3535 399 3614 Non
428 3530 530 3603 vides
556 3523 745 3597 Ohciitam
771 3521 840 3591 nisi
869 3516 932 3589 ubi
948 3515 1015 3588 tibi
1040 3539 1117 3587 non
1146 3514 1277 3614 piacet.

153 3665 171 3708 ⁴
264 3673 299 3730 in
321 3688 393 3730 oum
415 3665 548 3746 dicitur,
571 3660 624 3742 qni
653 3675 706 3720 ros
731 3654 786 3718 ribi
819 3652 963 3736 ingratos
993 3631 1122 3730 seniper
1152 3653 1278 3708 tractat.

184 3776 277 3838 Coos.
300 3775 381 3856 Cap.
401 3773 463 3856 Vl,
486 3769 536 3832 47.
622 3861 628 3872 a

359 3884 955 4081 {iliodoo‘gcitssa
1025 3895 1183 4010 rrt'

182 4105 267 4179 436.
299 4075 404 4175 *Non
430 4099 562 4171 leniter
588 4121 656 4197 per
686 4093 810 4191 gulam
835 4088 942 4162 cibus
968 4101 1054 4160 tous
1076 4079 1275 4170 descendit,

315 4252 338 4298 o
365 4220 589 4300 Wahwahe!
