3024 4922
710 303 940 382 ..Lm-

268 505 372 570 atum
392 502 702 568 elmanensem
724 510 757 563 a
778 451 1051 565 uoahwwtnum
1066 497 1380 562 arneomauoau-

267 611 419 693 wijahunr
448 611 579 692 peperit.
613 608 697 670 oonl.
738 608 790 668 De
830 608 921 686 Sacy
956 606 1075 667 Notioe
1110 624 1166 668 sur
1204 608 1235 668 le
1276 616 1380 687 poete

268 718 379 782 hebid.
408 738 437 798 p.
470 717 751 778 tluttionumenta
771 713 866 792 antiq.
888 711 961 772 hist.
984 712 1135 776 Arabum.
1157 732 1187 794 p.
1212 713 1282 774 115.

571 857 1078 1062 tQQQJU

232 1186 235 1192 ·
274 1133 355 1206 106.
407 1126 588 1217 Nobilior,
615 1152 729 1226 qnam
756 1123 935 1205 Chabiah.

310 1279 390 1340 Erat
410 1273 475 1338 lilia
492 1273 600 1355 Rijahi
621 1271 886 1336 ben-Alasohall
907 1269 1112 1352 Alghanawi.
1132 1272 1285 1353 Narrant,
1302 1290 1382 1334 eam

270 1403 366 1466 quum
397 1381 576 1460 somniaret,
591 1379 755 1442 audivisse
780 1379 1045 1459 interrogantem:
1067 1378 1155 1440 Num
1177 1377 1232 1440 tibi
1262 1377 1381 1440 decem

270 1490 372 1569 viles,
394 1506 435 1549 an
457 1495 545 1566 tres,
574 1486 628 1567 qui
656 1484 769 1546 decem
797 1485 875 1548 viris
904 1486 1058 1566 aequales
1089 1494 1186 1567 sunt,
1215 1487 1381 1568 gratiores

271 1589 457 1658 habentur?
485 1591 581 1671 Quod
613 1611 709 1674 quum
730 1591 832 1652 altera
857 1599 953 1654 noete
976 1592 1147 1674 repetitum
1175 1601 1280 1668 esset,
1304 1612 1379 1656 eam

271 1702 435 1777 maritum,
463 1699 633 1782 Djalarum
657 1698 861 1774 ben-Citati,
875 1698 964 1779 ,quid
986 1699 1058 1780 ipsa
1079 1700 1302 1784 responderet,
1324 1703 1380 1764 in-

273 1818 460 1887 terrogasse
482 1814 514 1868 et
537 1826 579 1867 ex
599 1805 701 1867 mariti
729 1802 1013 1899 consilindixisse
1043 1808 1137 1868 tertia
1157 1816 1253 1869 nocte
1274 1809 1380 1869 inter-

273 1914 416 1996 roganti:
438 1914 521 1974 'l'res
546 1911 702 1994 aequales
723 1911 837 1974 deoem
859 1908 947 1974 uiris.
989 1913 1163 1994 Peperisse
1184 1915 1281 1995 igitur
1302 1935 1375 1977 eam

273 2021 353 2082 tales
375 2028 453 2100 tres,
477 2017 644 2082 Chalidum
663 2018 836 2100 Alazbagh
857 2021 1126 2099 cognominatum,
1156 2019 1291 2103 quodie
1312 2041 1377 2084 an-

273 2124 390 2186 teriore
411 2123 516 2206 eapite
537 2123 693 2186 maculam
715 2124 820 2186 albam
842 2123 986 2207 haboret,
1012 2126 1168 2188 Malioum
1198 2127 1377 2219 Althajjnn,

271 2231 360 2312 quod
394 2239 539 2298 uentrem
572 2233 749 2312 collapsum
775 2229 909 2294 haberet
940 2241 973 2295 et
993 2233 1173 2306 Rabialium
1202 2234 1377 2319 Alahwaz,

273 2344 360 2428 quod
379 2345 490 2428 paruis
512 2344 613 2407 oeulis
635 2344 799 2426 praeditus
820 2359 918 2410 esset
940 2387 942 2394 ·
1071 2419 1074 2426 ¹

280 2751 382 2852 107.ὶ
412 2742 595 2832 Nobilior,
623 2772 736 2846 quam
762 2745 935 2821 Ahtic‘ah.
1038 2815 1042 2825 .

357 2842 513 2931 oritana
533 2870 640 2931 uetat
653 2870 829 2933 ben-nara
845 2873 1058 2940 ben-uorat
1078 2879 1138 2942 oen
1151 2881 1306 2945 ostowan
1321 2865 1375 2946 ar-
1442 2941 1448 2948 .

274 2970 463 3052 solamijjah,
480 2981 579 3053 nupta
603 2971 863 3066 Ahbd-Meualo
894 2978 1142 3069 ben-Kozznjj,
1159 2989 1210 3048 oui
1233 2990 1375 3052 Hasohi-

274 3095 368 3154 mum,
392 3076 704 3143 Ahbd-Sohemsum
725 3090 758 3144 et
779 3083 1048 3152 Almothaltebum
1070 3093 1202 3173 peperit.

614 3215 655 3249 ,,,.
1009 3215 1019 3236 .

506 3257 643 3437 »1³³¹
678 3259 787 3438 :¹³32
823 3242 1019 3441 [aiil
1090 3306 1137 3385 u

277 3505 361 3578 108.
408 3461 613 3595 Foetidior,
641 3528 755 3603 qnam
780 3505 864 3578 lana
889 3505 1030 3587 foetida
1055 3515 1195 3586 ovium.

356 3647 447 3708 Lana
473 3647 609 3726 foetens,
630 3668 714 3731 quae
735 3671 755 3712 e
773 3652 908 3748 pellibus
939 3656 1078 3720 nondum
1101 3660 1225 3724 omnino
1246 3664 1376 3726 eontin-

274 3752 359 3814 natis
375 3751 462 3824 (aliis
482 3761 653 3834 antequam
673 3757 853 3820 concinnati
872 3766 972 3840 suut),
992 3766 1161 3830 evellitur.

584 3927 1055 4126 ,ὧὰῇἢῆ

278 4206 359 4277 109.
412 4204 566 4307 Saepius
591 4213 722 4305 iniens,
749 4193 862 4316 quam
889 4218 1051 4296 Jesarns.
