3014 4906
410 665 417 678 ,
503 517 650 655 eall!
685 503 843 696 effi
877 507 997 673 <judi
1069 562 1114 648 rt

171 852 176 860 ,
258 780 318 850 42.
368 776 545 850 Homines
561 773 735 848 dentibus
760 773 917 873 pectinis
943 770 1076 846 similes
1102 787 1204 846 sunt.

341 901 619 1009 ldcst20r1gino
648 923 788 1006 similes,
811 940 922 985 omnes
951 924 1035 985 enim
1059 921 1112 986 lilii
1133 921 1250 984 A'daml
1277 931 1363 985 suut.

259 1033 357 1096 Meid.
376 1035 413 1096 ln
434 1033 517 1098 malo
539 1032 659 1095 similes
680 1038 765 1093 sunt.
787 1029 1052 1094 Scharaf-Aldin.

505 1211 643 1366 tas-'sta
674 1201 993 1408 tijsffltllt
1063 1255 1119 1342 rr

258 1469 318 1547 43.
375 1467 551 1539 Homines
577 1478 678 1538 statu
703 1462 867 1564 gaudent
905 1467 1020 1553 bone,
1048 1463 1229 1566 quamdiu
1261 1467 1362 1539 inter

362 1612 401 1662 se
426 1585 589 1661 distincti
616 1603 713 1660 sunt.
820 1601 825 1608 “
915 1667 919 1676 .

339 1737 490 1799 Necesse
510 1743 573 1819 est,
594 1734 739 1797 homiues
760 1736 825 1797 sint
843 1734 990 1796 iubentes
1012 1742 1045 1796 ot
1067 1734 1266 1815 obedientes,
1285 1701 1360 1801 nam

258 1843 410 1926 aequales
430 1844 511 1905 inter
538 1861 576 1904 so
607 1843 751 1924 perirent
794 1845 831 1904 In
852 1841 1120 1907 Scharaf-Aldmi
1144 1851 1178 1905 el
1197 1843 1361 1909 Semach-

258 1950 375 2014 scharii
403 1949 566 2014 codicibus
593 1949 763 2032 proverbio
792 1947 900 2012 addita
925 1957 1003 2012 eunt
1033 1949 1149 2012 verba:
1173 1951 1283 2044 iffa
1308 1949 1359 2021 tals

257 2073 353 2164 μω
375 2075 438 2138 „ut
458 2048 689 2155 quaudolnter
710 2092 749 2136 se
769 2075 923 2155 aequales
944 2061 1040 2154 stunt,¹
1053 2082 1216 2156 pereunt«

252 2259 256 2266 ·
361 2258 379 2278 e
439 2260 458 2280 r
615 2246 628 2278 5
674 2258 693 2278 ν
729 2259 748 2278 α
813 2257 832 2278 o
989 2257 1008 2276 α
1067 2245 1082 2278 2
1114 2235 1131 2277 ἦ

255 2530 314 2600 tl.
350 2525 543 2598 ‘Homines
581 2539 733 2600 centum
761 2521 911 2598 ‘camelis
951 2523 1085 2599 similes
1117 2540 1219 2614 sunt,
1258 2527 1357 2598 inter

367 2676 463 2754 quos
489 2649 537 2726 ne
576 2675 673 2726 unus
699 2649 853 2752 quidem
887 2666 942 2724 est
969 2647 1016 2722 ad
1049 2655 1243 2722 vecturam
1268 2647 1358 2723 ido-

269 2847 276 2852 .
365 2800 472 2848 neus.

339 2922 433 2984 Multi
451 2907 525 2982 sun't
545 2920 704 3012 homiues,
725 2918 790 2980 sod·
804 2919 837 2981 in
857 2919 970 3001 paucis
990 2921 1106 2984 bonum
1128 2933 1189 2987 ost.

256 3332 315 3402 45.
367 3325 541 3403 Mulieres
568 3325 709 3402 diaboli
736 3326 862 3429 laquei
890 3347 988 3418 sunt.

278 3505 283 3510 .
337 3453 448 3516 Verba
467 3454 549 3516 haec
569 3452 841 3516 Ebu-Mosuhdus
861 3453 949 3518 dixit.
972 3457 1055 3519 conf.
1077 3457 1155 3520 Vita
1177 3456 1296 3520 'limari
1318 3455 1366 3520 Ἥ,

254 3562 280 3625 1.
301 3581 331 3643 p.
355 3559 406 3624 24.
430 3558 478 3622 ed.
500 3560 650 3641 Manger.

254 3969 313 4044 46.
364 3967 484 4042 Notae
509 3995 668 4070 sponsae
693 3987 731 4049 et
755 3986 923 4049 stercora
948 3972 1168 4048 dorcadum.

207 4103 211 4113 '
335 4113 439 4178 Poeta
459 4115 606 4197 Djerirus
638 4119 701 4184 hoo
722 4124 891 4204 proverbio
918 4141 1000 4186 usus
1028 4131 1091 4206 est,
1120 4142 1216 4205 quum
1237 4083 1356 4188 'uanas

253 4220 324 4282 iens
344 4229 475 4301 poetam
497 4224 802 4298 Dsul’ltomtn'ahum
831 4231 1012 4300 homiuibus
1040 4219 1249 4316 congregatis
1274 4249 1356 4297 ver·
