3024 4912
607 311 841 377 -.457.’..

168 491 288 590 „Erga
308 509 362 553 me
380 492 564 556 misericors
591 486 654 556 sisi
677 513 735 555 rex
755 493 881 574 (Deus)
905 503 939 556 te
958 489 1070 558 ducati
1094 514 1167 559 nam
1189 495 1275 558 omni

211 600 284 661 ioco
306 615 412 661 sermo
433 595 519 662 est“.
550 600 570 662 i.
594 621 622 662 c.
646 603 795 683 Benigne
814 619 878 685 age
905 621 985 685 erga
1004 624 1068 687 me,
1091 613 1128 665 ut
1148 613 1180 666 te
1201 606 1273 667 tau·
1325 661 1338 674 ,

213 705 290 769 dare
310 707 441 785 possim.
483 705 622 768 Metrum
646 715 698 769 est
728 708 910 770 Motakarib
931 727 960 772 c.
981 712 1000 771 1.
1021 729 1063 772 m.
1084 731 1114 793 p.
1135 712 1206 774 281.
1259 795 1263 802 ¹

430 898 498 926 600
544 904 596 925 ee
644 897 703 928 σοι
764 895 777 927 2
880 904 919 932 οο

175 1115 257 1250 tib.
309 1125 347 1198 Si
374 1125 564 1200 dixissem:
595 1124 786 1225 Dactylus,
815 1128 983 1203 dixisset:
1010 1135 1149 1226 Pruna.

151 1345 154 1358 ,
257 1260 434 1324 Adhibetur
463 1265 496 1324 in
516 1260 725 1342 cupiditatum
747 1261 944 1326 diversitate.

410 1433 419 1529 1
461 1408 618 1570 „cit
637 1457 725 1549 „c
762 1434 880 1616 ue
953 1479 996 1557 n

175 1701 256 1772 171.
310 1666 373 1769 Ob
398 1697 652 1770 necessitatem
678 1711 732 1768 est
757 1695 897 1772 fututio
924 1725 1001 1772 non
1028 1697 1236 1774 desiderati.

254 1845 321 1910 Sed
350 1849 381 1909 in
409 1845 523 1908 codice
558 1847 662 1908 Berol.
691 1832 824 1914 κριὲ
867 1850 1074 1931 „Pertinacia
1109 1851 1274 1912 tutationis

171 1990 234 2032 uon
263 1945 460 2032 desirierati“
489 1971 616 2052 legitur.
637 1967 745 2052 „soii
773 1971 801 2031 is
830 1979 901 2052 est,
931 1972 995 2053 qui,
1030 1990 1125 2050 quum
1149 1973 1274 2033 omuino

171 2093 290 2155 inutilis
319 2095 379 2173 sit,
413 2114 476 2155 non
505 2096 639 2173 cupitur.
666 2093 877 2156 Proverbiurn
910 2094 941 2153 in
961 2113 1032 2155 cum
1055 2093 1185 2169 dicitur,
1221 2097 1276 2175 qui

171 2201 218 2264 rei
238 2208 301 2262 tam
323 2199 450 2262 dcditus
472 2208 532 2274 est,
554 2209 589 2262 ut
610 2198 683 2260 inde
704 2199 861 2283 prohiberi
883 2208 1031 2280 nequeat.

364 2333 676 2544 &5⁰in
566 2309 839 2533 mm
862 2343 969 2512 ψ]
1042 2394 1094 2474 nr

176 2629 255 2700 172.
308 2623 390 2697 Non
429 2637 483 2696 est
527 2637 652 2723 aperta
696 2624 883 2696 inimicitia
931 2624 1097 2724 aequalis
1140 2624 1276 2696 occul-

309 2751 454 2839 tationi,
491 2787 495 2794 ·

255 2917 436 2981 Discrimeu
464 2917 546 2979 inter
578 2918 719 2999 clarum,
748 2915 949 2979 manifestum
975 2925 1008 2979 et
1032 2914 1193 2979 occuitum
1216 2910 1277 2972 dc-

176 3026 284 3108 signat
313 3026 527 3110 proverbium.

366 3213 457 3348 avt
492 3185 634 3355 „Lib
668 3186 723 3367 (ζ)
759 3193 813 3306 b]
844 3181 958 3329 sossi
1021 3235 1083 3312 nr

180 3453 263 3535 173,
314 3445 467 3521 Utinam
484 3393 597 3519 uobis
623 3459 717 3517 esset
743 3470 763 3516 a
789 3442 941 3516 duobus
962 3446 1149 3545 equitibus
1165 3454 1279 3522 unus!

258 3605 418 3668 Describit
438 3605 651 3687 proverbium,
678 3601 761 3684 quod
789 3608 925 3665 metrum
960 3601 1082 3683 dejes
1110 3601 1207 3665 babet
1233 3609 1293 3684 (ps

176 3711 271 3797 231),
291 3732 397 3798 pauco
419 3720 604 3777 contentum
625 3713 771 3776 animum.

181 4185 264 4258 att.
319 4179 480 4256 Occurri
509 4181 540 4254 ai
567 4181 643 4254 atto
672 4179 742 4253 die.
