3024 4922
543 269 833 342 &Adbu-

172 452 297 529 porrulos,
324 471 458 535 quorum
479 464 612 518 naturae
631 456 698 518 auri
720 463 833 519 natura
854 457 990 518 maximo
1012 455 1195 538 conveniat,
1218 471 1277 518 eos

174 561 296 624 traduci
330 564 409 626 utile
436 564 591 628 videatur.
633 565 696 626 Est
731 583 857 644 quoque
888 583 965 628 auro
1002 565 1175 648 singularis
1198 567 1274 646 pul-

174 668 327 732 chritudo.
371 671 451 734 Auri
480 689 577 754 aqua,
607 690 669 751 qua
691 689 744 732 res
774 670 964 735 deaurantur
986 679 1019 732 et
1045 673 1170 755 lamina,
1194 692 1277 754 quae
1345 694 1349 710 ·
1416 693 1418 700 ’

171 773 202 835 in
225 776 321 846 tectis
343 795 456 857 regum
477 786 561 860 sunt,
583 777 657 840 inde
684 785 845 856 parantur.
889 777 1124 844 commercium
1146 797 1274 860 quoque

174 898 214 940 eo
250 898 378 962 semper
420 884 600 965 nitebatur,
623 901 724 964 quum
749 882 887 947 omnium
909 903 1014 964 rerum
1055 886 1189 964 pretium
1224 887 1276 948 sit.

176 985 320 1066 Argento
356 996 517 1070 praestat,
553 989 628 1050 licet
661 987 735 1050 illud
762 989 926 1069 pulchrum
963 998 996 1051 et
1029 989 1216 1053 honoratum
1242 993 1276 1052 in

174 1088 335 1154 hominum
366 1095 488 1157 animos
516 1095 581 1156 vim
615 1093 741 1156 habeat.
790 1094 873 1158 Eius
907 1096 1009 1176 pretio
1039 1104 1187 1158 caeterae
1221 1113 1275 1156 res

173 1196 386 1276 multipliciter
420 1198 598 1279 duplicatae
643 1200 704 1262 emi
742 1210 886 1280 possunt.
949 1201 1002 1264 Ad
1031 1221 1091 1264 nos
1125 1201 1206 1264 redit
1244 1210 1276 1266 et

172 1321 283 1382 parurn
316 1303 515 1386 diminuitur,
545 1305 619 1368 dum
655 1315 758 1388 terra,
788 1326 870 1388 quae
908 1307 940 1368 id
976 1307 1121 1388 producit
1153 1315 1185 1368 ct
1216 1324 1277 1368 su-

171 1427 229 1488 per
270 1427 336 1492 qua
371 1411 527 1474 incolume
550 1421 614 1492 est,
656 1413 768 1493 paucis
802 1413 893 1498 annis
928 1421 1095 1495 argentum
1132 1413 1176 1476 ita
1195 1431 1274 1493 per-

168 1523 291 1598 mutat,
331 1525 366 1578 ut
402 1515 442 1578 ad
488 1526 632 1580 naturam
665 1536 758 1580 suam
793 1517 929 1598 redeat,
973 1526 1005 1580 et
1042 1519 1153 1598 pucis
1198 1519 1272 1581 die·

169 1621 229 1682 bus
261 1623 382 1686 ferrum
405 1623 446 1686 ad
480 1623 646 1704 pristinam
682 1642 775 1686 suam
808 1632 955 1686 naturam
983 1623 1116 1687 reducit
1172 1623 1273 1686 Cibus

170 1736 278 1792 autem
306 1731 339 1790 in
367 1731 437 1792 ollis
470 1750 512 1790 ex
539 1749 577 1792 eo
607 1730 768 1792 coniectis
798 1739 914 1792 coetus
940 1730 1071 1811 gratior,
1092 1731 1272 1811 salutarior,
1352 1705 1360 1724 ‘

172 1833 278 1892 ventri
299 1835 536 1896 convenientior
558 1835 729 1913 meliorque
751 1840 811 1894 est.
849 1831 962 1894 Ahlius
983 1835 1275 1896 ben-Abi-'l'balab

173 1934 214 1998 de
234 1938 385 2018 sulphure
406 1939 499 2001 rubro
521 1934 734 2021 interrogatus
755 1938 845 2020 dixit,
860 1957 974 2002 aurum
996 1959 1081 2002 essa.
1123 1940 1276 2004 Mobam·

172 2043 282 2106 medes
303 2052 409 2130 autem
432 2043 526 2106 dixit:
550 2046 587 2110 Si
607 2043 682 2108 mihi
703 2054 921 2126 aurum,quot
940 2053 1044 2107 terrae
1066 2046 1167 2108 colles
1189 2039 1295 2122 sunt,

173 2145 278 2212 esset!
312 2162 344 2214 et
366 2168 556 2232 quocunque
577 2152 768 2232 proverbiali
788 2151 882 2213 modo
904 2150 944 2212 de
970 2171 1048 2214 auro
1070 2154 1196 2214 locutus
1218 2162 1277 2214 est

173 2256 295 2320 Sahlur
324 2258 386 2319 ben
402 2259 535 2320 ›Harun
564 2257 745 2320 facundiam
764 2259 797 2320 in
823 2267 970 2318 sermone
992 2257 1032 2318 de
1056 2276 1133 2319 auro
1154 2258 1276 2337 proba-

172 2372 237 2428 tam
257 2365 311 2426 isti
324 2366 393 2427 viro
416 2363 563 2426 invidens
586 2365 654 2426 auri
675 2366 752 2426 vitia
776 2372 808 2434 et
820 2365 892 2425 vitri
910 2365 1136 2444 praestantiam
1159 2374 1272 2428 contra
1379 2425 1386 2432 .

172 2471 356 2534 describens
395 2471 485 2534 dixit:
516 2474 639 2535 Aurum
674 2465 787 2534 natura
822 2471 1022 2552 productum,
1059 2474 1178 2536 vitrum
1204 2483 1274 2536 arte

170 2578 293 2641 laetum
314 2590 366 2642 est
388 2588 420 2641 et
441 2587 589 2660 quantum
602 2596 712 2640 aurum
727 2576 838 2640 duritia
848 2584 1001 2656 praestat,
1023 2586 1145 2642 tantum
1156 2580 1274 2648 vitrum

169 2687 317 2767 puritate.
338 2688 494 2748 Necnon
517 2687 643 2762 vitrum,
666 2704 762 2768 quum
786 2683 944 2746 defoditur
966 2692 1023 2746 aut
1042 2673 1073 2746 in
1090 2703 1174 2766 aqua
1191 2687 1274 2749 sub-

168 2771 332 2876 mergitur,
354 2811 431 2854 auro
454 2791 621 2854 durabilior
650 2799 709 2852 est.
752 2791 877 2852 Vitrum
903 2797 955 2852 est
976 2791 1068 2871 quasi
1086 2792 1219 2873 politum
1240 2803 1273 2857 et

95 2901 100 2911 '
170 2899 251 2961 lueis
271 2908 417 2961 naturam
450 2899 560 2980 habet,
590 2897 664 2960 dum
694 2916 806 2960 aurum
825 2897 962 2958 utensile
987 2897 1190 2962 abscondens
1211 2909 1272 2964 est.

170 3004 286 3067 Bibere
308 3025 349 3066 ex
371 3024 452 3068 vase
472 3007 576 3066 vitreo
606 3004 774 3066 iucundius
796 3013 857 3079 est,
877 3022 973 3084 quam
994 3003 1102 3066 bibere
1125 3024 1168 3070 ex
1189 3027 1272 3070 vase

170 3113 350 3196 metallico,
381 3113 474 3192 quale
507 3113 558 3173 sit.
600 3113 719 3173 Facies
749 3112 942 3191 compateris
972 3129 1104 3175 comeo
1126 3131 1189 3175 non
1210 3114 1272 3176 de·

171 3209 329 3280 sideratur
351 3217 445 3296 (dum
473 3216 622 3298 tegitur),
655 3235 767 3278 rnanus
800 3236 863 3278 non
892 3227 1048 3298 gravatur
1069 3227 1102 3280 et
1136 3222 1272 3300 pretium

171 3327 344 3390 maximum
365 3345 428 3386 nnn
451 3333 510 3388 cst.
551 3325 605 3386 Ex
626 3325 693 3386 auri
720 3325 845 3404 nomino
876 3323 1017 3404 (abitus)
1039 3327 1157 3390 malum
1178 3348 1273 3392 omen

172 3433 312 3514 capitur,
341 3450 500 3513 nunquam
529 3431 655 3493 bonum.
698 3433 736 3495 Si
762 3432 792 3492 in
823 3443 855 3492 te
876 3431 1009 3510 decidit,
1036 3443 1070 3496 te
1092 3436 1221 3518 occidit,
1244 3439 1273 3500 si

171 3541 257 3602 tuin
279 3539 311 3602 id
334 3539 466 3621 decidis,
490 3548 523 3601 te
551 3539 708 3602 vulnerat.
736 3539 880 3602 Maximo
899 3549 1007 3603 autem
1028 3543 1273 3623 vituperandum

171 3655 223 3708 est
255 3643 416 3726 (aurum),
452 3645 537 3726 quod
566 3645 607 3708 ad
630 3645 745 3708 'vilium
776 3643 888 3708 domos
918 3657 1087 3731 properat,
1119 3658 1152 3711 et
1173 3650 1274 3714 abiis

168 3752 364 3834 possidetur,
387 3751 477 3814 tarde
494 3762 600 3816 autem
621 3752 653 3814 in
673 3769 902 3834 generosomm
924 3751 1037 3816 domos
1059 3735 1264 3837 et'pntesta-

172 3868 237 3922 tem
260 3860 358 3920 venit.
401 3857 465 3936 Qui
493 3858 524 3919 id
546 3858 705 3939 custodit,
735 3878 809 3921 oum
829 3866 929 3919 tentat
950 3859 1137 3941 occiditque.
1181 3863 1273 3928 Unus

171 3967 357 4048 laqueorum
381 3963 496 4026 diaboli
516 3973 584 4044 est,
618 3973 809 4045 quapropter
830 3963 953 4025 dieunt:
993 3966 1067 4026 Duo
1096 3967 1190 4030 rubra
1221 3967 1275 4032 vl·

172 4090 226 4135 ros
258 4071 428 4153 perdunt„
452 4072 544 4133 rubra
565 4070 714 4131 mulieres
744 4069 885 4152 perdunt.
934 4067 1025 4132 Ollae
1051 4070 1175 4138 vitreae
1196 4092 1277 4138 ruo-¹

171 4182 267 4244 liores
288 4189 380 4262 sunt,
410 4197 503 4259 quarn
532 4178 614 4239 ollae
635 4175 801 4258 lapideae,
824 4175 970 4258 rubigine
997 4195 1059 4242 noa
1082 4179 1265 4248 irrlleiuntor
