3012 4908
599 301 828 368 ..353-

160 511 216 596 „0
238 511 328 575 socie
343 505 402 574 mil
425 509 589 592 proficisci
608 509 681 572 iube
701 512 842 574 camelus
869 512 1008 594 graciles
1030 511 1158 598 flavos,
1180 512 1264 580 eiicu

203 613 274 682 tibi!
287 626 415 701 propter
432 618 646 680 llltbonrmunr
668 625 703 678 et
716 617 847 679 claustri
862 618 1059 700 magistrum.
1077 623 1145 684 lam
1165 642 1264 704 prae·

203 726 288 788 teriit
314 725 453 786 ahenum
454 725 583 814 gentis
607 725 720 784 llanu-
728 723 836 786 Sndus
857 732 891 784 et
915 725 970 785 vill
1000 735 1122 789 tantum
1150 728 1265 812 hospi-

202 831 245 896 llo
274 833 305 893 in
347 849 388 891 eo
421 829 666 910 excipiebantur
718 829 874 909 Princeps
917 831 1023 913 gentis
1066 840 1118 894 est
1152 832 1265 918 durus,

201 938 358 999 hircorum
379 954 562 1018 possessor
603 934 678 997 Rex
704 934 817 1008 (deus)
839 936 935 998 talem
956 915 1129 1018 principem
1159 943 1265 1022 turpi-

202 1043 312 1105 tudine
338 1043 437 1126 adfli„
418 1035 488 1103 ot!
518 1041 595 1102 Non
624 1049 675 1102 est
706 1040 884 1104 laudandus
915 1052 948 1106 et
977 1063 1041 1106 non
1062 1047 1262 1122 benedictus,

202 1170 276 1213 nuru
302 1145 376 1231 quid
394 1167 501 1230 cures,
524 1156 627 1210 utrum
646 1147 679 1208 iu
708 1157 807 1231 gente
828 1149 939 1212 Sadus
960 1153 1101 1214 verseris
1124 1173 1164 1215 un
1184 1158 1263 1217 iuter

201 1259 323 1339 Magos
344 1258 452 1319 autin
473 1257 612 1318 desertis
634 1257 675 1317 ab
696 1255 877 1317 bominibus
898 1255 1047 1320 vacuis“.

164 1363 261 1442 Quod
280 1382 374 1445 quum
397 1364 485 1446 suis,
509 1363 612 1443 ipsum
634 1361 674 1425 dc
703 1368 801 1443 gente
832 1363 924 1424 Banu
951 1363 1061 1426 Sados
1092 1374 1126 1427 et
1159 1367 1264 1432 aheno

161 1471 428 1560 interrogantibus
450 1477 630 1552 necasset,
661 1471 731 1530 eius
760 1468 860 1529 verba
879 1468 912 1528 in
932 1471 1138 1550 proverbium
1157 1493 1264 1536 vene·

157 1588 239 1644 runt.
283 1580 491 1642 Proverbium
514 1579 555 1640 de
569 1578 654 1640 omni
665 1597 711 1658 re,
726 1596 808 1658 quoe
821 1577 982 1655 praeteriit
1001 1585 1034 1639 et
1049 1580 1143 1644 cuius
1157 1587 1264 1645 status

158 1690 285 1753 omnino
307 1685 448 1750 mutatus
472 1669 535 1771 est,
557 1685 736 1748 adhibetur.

161 2141 244 2214 107.
297 2131 341 2202 ln
368 2131 470 2202 omni
496 2129 664 2207 virores
691 2147 764 2219 est,
791 2159 868 2233 qun
894 2131 1037 2234 petitur
1062 2135 1149 2226 (seu
1174 2158 1264 2206 con·

313 2252 465 2327 tumelin
490 2252 693 2353 adficitur).
771 2311 778 2318 .
1108 2349 1112 2359 ¹
1205 2333 1222 2365 ⁴

149 2384 153 2392 Ι
206 2415 316 2476 ,nieme
332 2413 421 2476 vitiis
441 2413 520 2476 liber
541 2421 602 2476 est.
622 2410 746 2476 Eadem
760 2413 841 2476 ratio
858 2421 909 2478 est
929 2413 1152 2497 proverbioC
1163 2416 1192 2498 1,
1213 2402 1288 2483 651

407 2595 452 2642 υἱ
570 2583 621 2640 55
637 2607 685 2642 2
817 2607 913 2641 οκιω

361 2588 949 2835 ιιιιιέωεφὶιιὶἒ
1022 2662 1072 2739 ιι
1169 2717 1171 2722 .

161 2888 244 2958 108
295 2882 420 2954 Omnis
447 2883 505 2953 tir
533 2907 641 2953 mune
668 2883 842 2954 visitatur
869 2885 905 2954 in
934 2895 1043 2982 gente
1069 2907 1149 2954 sun.

241 3034 353 3095 Altera
374 3033 471 3094 lectio
496 3041 547 3093 est
567 3035 645 3134 ab)
671 3031 699 3115 3
718 3033 776 3115 „in
798 3033 965 3095 mansione
986 3028 1084 3096 suu“.
1127 3030 1265 3094 Cuilibet

60 3221 66 3230 .
160 3159 230 3220 viro
253 3177 307 3221 res
329 3158 489 3238 inopinato
511 3145 777 3236 superueniunt&
854 3193 856 3198 -

733 3310 886 3371 „infir

390 3328 895 3548 mp'pl‘ffnt
970 3389 1013 3468 ιι

162 3625 245 3696 109.
297 3613 461 3706 Quilibet
489 3611 536 3687 ad
563 3641 697 3717 panem
723 3643 833 3690 suum
862 3617 991 3728 ignern
1025 3611 1180 3686 attrahit
1205 3618 1264 3712 (ut

304 3740 401 3814 hene
426 3741 645 3845 coquntur).

243 3899 383 3980 Quilibet
401 3900 518 3963 bouum
537 3898 598 3962 sibi
620 3916 805 3980 comparare
827 3898 910 3962 vult.

403 4044 1021 4283 ᾓῷἧῷᾓι

1068 4384 1116 4453 23
