2990 4920
673 311 900 373 „171-

225 512 396 572 „nudam
417 512 463 572 iri
484 528 669 591 eamme
712 513 749 571 ln
780 511 1041 576 sanebsrbuii
1068 513 1182 576 oodioe
1209 515 1326 595 tegitur

224 619 349 699 νοω
374 619 502 703 »sm
522 619 649 698 ”finis
669 613 836 680 ''m“

225 1036 260 1104 3·
310 1029 492 1103 Vicerunt
517 1035 640 1128 magni
667 1031 797 1104 carneli
827 1058 963 1134 paruos
990 1031 1162 1108 camelos.

309 1184 471 1246 Suffixum
494 1189 529 1251 to
548 1185 591 1247 ad
612 1185 756 1248 esmetos
776 1193 829 1270 Μ
858 1184 1057 1246 referendum
1083 1195 1146 1247 est.
1189 1189 1226 1247 tu
1254 1205 1326 1247 orror

226 1308 349 1389 dieitur,
371 1311 462 1374 euius
485 1329 538 1372 ros
557 1327 676 1394 magna
698 1311 814 1392 evasit,
836 1319 1007 1393 postquam
1029 1331 1130 1396 parva
1152 1313 1267 1376 fuerat.

226 1700 262 1770 4.
315 1697 479 1769 Torreus
507 1701 612 1795 (est),
639 1703 705 1800 qui
733 1697 886 1771 arbores
913 1699 1051 1772 obruit.

311 1847 513 1910 Vocabulum
541 1856 703 1932 „Mc
733 1850 859 1929 proprie
886 1848 1080 1912 audacem
1108 1859 1174 1914 turn
1206 1851 1270 1914 boo
1296 1853 1326 1914 iu

228 1971 397 2052 proverbio
417 1980 652 2053 torrentem,
675 1973 741 2052 qui
762 1973 938 2034 arbores
958 1972 1328 2057 evellitdesigrrat,ut

227 2085 301 2160 ὼε...
332 2079 527 2159 suppleatur.
567 2082 605 2140 In
632 2079 791 2140 carnetum
816 2079 973 2142 furentem
1001 2080 1201 2142 transfertur.
1242 2083 1328 2142 Pro-

227 2200 375 2261 verbium
394 2201 427 2274 in
447 2202 550 2262 virum
571 2201 697 2283 dieitur,
726 2201 863 2280 quinon
885 2210 992 2276 eurat,
1016 2201 1090 2284 quid
1111 2203 1229 2266 iniuste
1250 2221 1328 2284 per·

228 2317 315 2389 agat.
358 2307 577 2390 Supplendum
599 2316 706 2370 autem
728 2317 781 2370 est
801 2299 867 2374 ilar
890 2307 958 2370 bie
978 2310 1033 2372 vel
1045 2321 1094 2401 ,9
1114 2310 1151 2372 is
1180 2319 1232 2376 est
1258 2319 1327 2374 trr-

228 2447 303 2492 rens
325 2439 386 2492 otc.

567 2567 604 2601 >a
688 2569 777 2603 ”ima
815 2571 912 2605 200·
1083 2563 1090 2572 '

563 2600 605 2696 ai
642 2603 765 2741 ijs-19¹3
800 2605 919 2749 01³)ss
987 2647 1010 2701 o

229 2798 262 2864 5.
314 2791 490 2864 Esuriens
516 2791 615 2890 (est);
644 2795 772 2868 eibum
797 2797 911 2896 igitur
930 2793 1092 2866 Rabicab
1123 2797 1154 2867 ei
1184 2799 1330 2894 porme!

313 2916 458 2981 Rubieah
480 2918 541 2979 eibi
563 2921 691 3000 speeies
712 2930 778 3002 est,
800 2923 853 3004 qui
866 2919 956 2983 vario
971 2922 1066 2982 modo
1077 2929 1218 3002 paratur.
1240 2921 1329 2982 Ebu-

232 3024 393 3087 Doraidus
415 3022 513 3116 tssoss
534 3027 612 3110 tegit
641 3029 660 3090 i.
688 3049 716 3091 e.
750 3037 862 3108 parate
891 3029 995 3091 eibum
1022 3030 1135 3112 Bacil‚
1166 3027 1218 3111 qui
1249 3029 1331 3090 laete

231 3149 355 3210 sobisto
385 3159 418 3212 ot
444 3150 559 3230 butyro
588 3151 632 3212 illi
661 3151 768 3216 addito
797 3157 936 3231 paratur.
979 3151 1187 3214 Proverbium
1216 3149 1333 3212 dooere

231 3255 366 3337 videtur,
389 3268 464 3322 aute
486 3258 593 3323 omnis
612 3259 658 3320 rei
679 3278 775 3341 quarn
796 3260 936 3320 maxime
963 3257 1169 3322 necessariae
1196 3255 1295 3334 satist
1313 3287 1332 3302 ·

230 3362 379 3426 ciendum
399 3383 483 3428 esse.
517 3367 671 3449 Narrant,
693 3350 884 3430 Ebu-bisen
926 3363 1155 3430 Alhommarah
1183 3364 1333 3428 esurien-

232 3478 298 3532 tem
319 3479 351 3531 et
372 3471 531 3536 sitientem
553 3471 593 3536 ed
615 3491 693 3548 suos
713 3472 853 3536 intrasse
875 3479 923 3554 et,
948 3487 1042 3550 quum
1063 3475 1092 3533 ei
1118 3491 1197 3554 puer
1217 3487 1332 3534 rooeus

232 3581 327 3636 natus
349 3575 544 3658 adferrotur,
580 3577 718 3640 dixisse:
762 3580 828 3640 Per
846 3567 967 3652 Deum!
990 3575 1133 3658 Nescio,
1162 3597 1236 3640 uum
1259 3597 1332 3645 eum

233 3680 326 3746 odem
348 3703 388 3748 on
412 3681 543 3752 bibam?
564 3687 705 3750 Uxorem
726 3687 797 3750 eius
818 3687 882 3750 ista
904 3685 1005 3748 verba
1019 3683 1200 3748 audientem
1209 3681 1332 3748 dixisse

233 3787 295 3872 illa,
318 3809 400 3871 quae
423 3800 499 3870 nost
520 3792 551 3854 in
571 3792 729 3872 proverbii
759 3789 1022 3856 consuetudinem
1053 3788 1208 3854 venerint.
1252 3787 1333 3852 cibo

233 3898 918 3986 auternotpotusatiatumeumdixisso:ut,
934 3895 1013 3965 &inii
1039 3893 1334 3982 Mmouomodo

232 4019 338 4082 infans
360 4029 393 4081 et
415 4030 516 4082 mater
535 4039 573 4082 se
593 4017 739 4084 nebetta
765 4020 859 4102 Quae
880 4039 1008 4105 quoquo
1029 4021 1130 4084 verba
1150 4021 1181 4083 in
1196 4037 1334 4104 prover-

232 4124 319 4188 bium
338 4125 502 4188 veuientia
522 4125 725 4208 significant,
757 4144 868 4190 euram
889 4126 951 4189 viri
970 4127 1101 4206 abiisse,
1123 4133 1158 4190 ut
1177 4126 1219 4190 ad
1240 4125 1335 4189 sliam

234 4249 301 4294 rem
322 4231 461 4294 animum
482 4227 644 4313 adptioore
665 4239 787 4314 posset.
831 4231 925 4298 cont.
948 4231 987 4299 U.
1005 4235 1115 4318 xxu,
1140 4235 1208 4298 197.
