3024 4912
242 513 428 578 omnim
449 511 670 575 lien-Alward
690 513 838 594 puellam,
858 531 954 595 quau
974 516 1005 576 in
1027 513 1259 578 duolinoinon-

159 621 246 682 tiliae
282 618 486 702 smmum,
533 619 567 678 in
597 617 731 698 regione
767 617 913 698 Algliaar
946 618 1038 701 aitis,
1082 619 1260 702 invenerat,

158 727 244 790 domi
281 725 480 788 educandam
510 725 644 788 curavit.
701 726 758 786 llla
785 724 867 784 bene
894 726 1013 788 nutrita
1045 736 1079 788 et
1105 735 1262 788 ventrosa

157 835 304 914 petulans
330 835 436 893 evasit
469 839 503 894 et
523 831 575 894 die
605 830 744 911 quodam
771 846 844 891 eum
873 831 986 911 puellis
1011 830 1124 894 ludens
1162 841 1196 893 ot
1228 835 1258 894 in

157 942 306 1003 maninus
345 938 544 1020 pedibusque
568 937 722 999 incedens
760 935 858 998 dixit:
889 939 1062 1020 „lllulgete
1092 959 1162 1020 me,
1187 957 1260 1002 nam

157 1065 222 1128 ego
243 1063 420 1108 mammosa
440 1041 550 1105 anm“.
576 1044 614 1106 ld
637 1044 721 1126 quod
744 1043 927 1106 0hrwalma
948 1045 1082 1107 audiens
1103 1046 1164 1108 ista
1183 1067 1261 1127 pm-

159 1154 261 1215 verbii
288 1154 388 1216 verba
409 1152 504 1234 dixit,
526 1170 609 1233 quae
630 1149 832 1236 significant,
853 1149 1012 1232 quendam
1032 1153 1171 1237 miseria,
1195 1173 1259 1236 qua

157 1273 255 1322 antea
287 1260 511 1342 adfligeretur,
540 1267 663 1321 remota
691 1260 886 1340 petulantem
915 1259 1036 1322 laetum
1064 1277 1150 1323 ease.
1177 1260 1261 1324 oonf.

157 1366 251 1429 Kem.
273 1383 299 1428 s.
325 1387 358 1427 v.
379 1375 489 1440 Qui.

410 1528 564 1696 [ᾧὶζῖῖ
599 1537 722 1689 tell
736 1531 912 1720 >stipi
959 1585 1007 1674 ἐ.

161 1809 216 1876 10.
268 1803 351 1876 Non
378 1803 535 1904 opellavi
562 1803 646 1876 olus
674 1806 889 1879 nominibus
914 1809 1000 1882 suis.

241 1967 380 2028 lnnusu
411 1967 611 2030 ten-Hebib
641 1969 801 2050 miravit,
823 1975 953 2050 gentem
979 1969 1084 2029 virum
1105 1969 1262 2050 quendam
1310 1975 1315 1990 ’

159 2075 191 2134 in
225 2073 376 2135 indieium
410 2090 572 2154 voeaaee,
609 2073 693 2154 quod
727 2075 950 2136 contumeliam
987 2073 1127 2156 diceret,
1156 2077 1262 2137 vitum

156 2187 266 2242 autem
291 2198 330 2240 ae
352 2176 575 2240 defendentem
605 2179 771 2260 praelecto
792 2178 924 2254 dixisse,
945 2198 984 2242 se
1004 2198 1063 2241 eos
1085 2189 1173 2242 tanto
1195 2179 1259 2246 ho-

154 2286 414 2366 walabonso,
430 2293 465 2348 ut
487 2288 557 2348 olus
577 2305 641 2348 non
661 2286 857 2368 appellasset
877 2304 938 2348 ouo
961 2288 1099 2366 nomine,
1114 2297 1148 2350 et
1166 2287 1263 2352 oleria

155 2397 283 2460 Ba'sbae
306 2394 456 2476 appellati
474 2394 665 2456 mentionem
688 2413 750 2456 non
772 2392 915 2462 iecisset.
937 2395 1263 2476 Appellabaturenim

131 2489 133 2494 ¹
156 2506 220 2568 ieta
239 2514 323 2588 gens
345 2502 645 2584 nanu-nasonem,
665 2500 749 2585 quod
771 2521 887 2564 nomeu
907 2503 1042 2566 aneillae
1062 2506 1187 2588 nigrae,
1207 2506 1256 2570 ta·

157 2612 272 2672 einoris
298 2613 398 2692 turpis
423 2622 615 2693 aeensatae,
636 2617 715 2672 erat.
757 2609 817 2671 Vir
837 2619 945 2674 autem
973 2611 1035 2672 iste
1058 2610 1143 2694 apud
1165 2631 1262 2694 prae-

156 2718 278 2780 feetum
305 2721 397 2781 istius
429 2720 557 2799 plantae
584 2719 776 2781 mentionem
806 2716 931 2777 faciens
958 2718 1068 2781 verbis
1091 2719 1258 2798 implicatis

155 2835 189 2888 et
209 2846 272 2888 non
294 2827 394 2888 elaris
408 2825 549 2888 eiusdem
568 2825 675 2908 gentis
705 2823 859 2906 originem
883 2832 1007 2905 turpem
1029 2820 1202 2905 indicavit,
1224 2831 1259 2886 at

156 2951 177 2993 a
189 2933 353 3012 praefecto
376 2932 469 3012 eulpa
490 2931 642 2994 liberatus
657 2939 717 2994 est.
739 2933 791 2993 De
812 2951 851 2992 eo
874 2931 1053 3012 adhibetur,
1077 2931 1130 3013 qui
1154 2931 1259 3013 impli-

154 3040 238 3101 catis
263 3047 296 3099 et
321 3059 385 3101 non
414 3039 509 3100 elaris
536 3039 663 3115 verbis,
693 3037 754 3099 sed
781 3039 973 3120 aegnimatis
997 3038 1093 3105 modo
1112 3037 1260 3120 loquitur.

155 3147 193 3206 ln
213 3143 326 3208 oodiee
347 3144 457 3228 Lugd‘
473 3162 530 3225 pro
546 3146 627 3228 ml
649 3145 765 3226 legitur
785 3145 871 3227 &ledi
894 3145 1035 3210 mulus.

157 3607 215 3678 lt.
267 3597 415 3702 Corpus
439 3625 550 3673 suum
574 3623 688 3700 super
714 3597 752 3710 id
779 3599 947 3701 proiecit.

238 3764 356 3828 Varias
376 3765 515 3828 tribuunt
538 3765 790 3846 significationes
811 3763 885 3827 voci
897 3765 1015 3862 stiffi
1043 3750 1103 3828 aed
1123 3784 1261 3847 prover-

155 3884 199 3945 bii
221 3903 340 3946 aeneus
362 3895 428 3948 est:
472 3889 587 3950 'l'otum
609 3906 648 3949 se
675 3885 933 3949 amore‘duetus
961 3889 991 3952 ei
1015 3881 1146 3953 dedidit.
1173 3888 1265 3952 Dixit

154 3990 330 4066 Balahmus
352 3992 532 4055 ben-Kais:

153 4147 268 4280 o,
292 4140 418 4264 m
441 4149 495 4282 ,μ
522 4153 575 4262 e
600 4144 699 4283 el
726 4146 812 4270 m
914 4163 938 4240 u
963 4147 1085 4301 el
1109 4147 1180 4273 oz
