2990 4916
705 307 945 372 ..530-

262 499 341 560 Kaio
363 497 454 577 dixit,
477 469 574 576 quum
596 493 649 556 hic
670 491 853 554 incursione
873 487 1054 552 luctacius
1084 487 1230 550 cumolos
1259 489 1397 568 cepis-

262 614 322 668 set.
367 607 473 685 Quum
494 604 772 686 dispergerentur,
800 617 858 660 eos
879 597 1080 676 vulneravit,
1117 606 1152 658 ut
1181 615 1396 680 congrege-

261 723 369 774 rentur
391 722 423 775 ct
444 713 582 774 celerius
603 709 798 772 incederent.
840 705 1054 767 Proverbium
1085 713 1194 786 vorot,
1233 725 1277 765 nc
1305 705 1393 784 quis

262 838 328 880 rem
350 819 485 900 dissipet
506 826 539 890 et
560 819 691 880 laceret.
735 811 949 878 Semachsch.
986 847 991 850 -
1212 905 1217 912 Ι

368 952 522 1138 Uen
560 951 683 1103 >ur
710 1009 889 1134 ew
927 943 1117 1132 mr
1188 983 1310 1088 it-

149 1306 157 1320 ,
263 1217 348 1288 493.
399 1215 454 1288 Nc
489 1212 599 1286 abeas
634 1215 677 1304 (o
714 1208 901 1304 feminal),
929 1233 1014 1279 nem
1048 1219 1196 1304 gentem
1222 1204 1271 1277 ad
1303 1209 1401 1278 mi:

400 1339 607 1436 grationem
635 1333 806 1434 impellis.

344 1472 483 1533 Metrum
505 1469 616 1532 Besitlr
638 1477 698 1529 est.
740 1484 768 1526 c.
790 1486 821 1546 p,
847 1465 917 1526 199.
957 1465 993 1523 ln
1017 1481 1089 1524 enm
1112 1461 1237 1545 dicitnr,
1270 1482 1377 1542 quem

263 1581 314 1642 alii
335 1579 364 1640 in
386 1576 502 1658 agendi
526 1575 621 1638 modo
643 1579 825 1656 sequuntur.
857 1573 906 1632 'l'e
927 1570 977 1631 olii
1000 1579 1186 1650 sequuntur,
1206 1589 1250 1629 ne
1271 1568 1379 1650 igitur

264 1687 294 1748 id
317 1687 430 1768 lacius,
451 1682 537 1765 quod
559 1691 592 1744 te
614 1682 774 1762 indignum
799 1686 858 1740 est.
901 1677 991 1738 Dixit
1013 1685 1127 1757 poeta:

328 1815 704 1952 deterso
728 1811 966 1949 efflei
992 1808 1164 1946 oum

265 2015 319 2096 „0
337 1978 477 2078 ¹dominu
507 2013 645 2095 agminis
666 2003 877 2073 camelorum!
901 2010 1019 2090 repelle
1033 2008 1063 2070 id
1073 2008 1114 2070 ad
1122 2016 1244 2088 protum
1258 2025 1357 2070 suurn
1364 2055 1375 2085 ,

306 2123 433 2205 neubi,
455 2142 528 2184 narn
554 2109 684 2202 gentem
716 2116 761 2181 ad
786 2117 1007 2199 migrationem
1031 2111 1207 2197 impellis!“

345 2229 483 2290 Metrum
506 2225 620 2288 Basitlr
642 2233 702 2285 cst.
725 2245 753 2305 p.
778 2225 848 2288 199.

263 2638 348 2711 494.
376 2591 509 2710 'Nullo
537 2639 575 2709 in
602 2662 643 2708 re
668 2638 802 2710 Kaziro
832 2637 1066 2735 (impotenti)
1109 2660 1188 2706 mos
1213 2638 1365 2734 geritur.

304 2787 341 2845 In
364 2783 624 2846 Samochschorii
646 2803 744 2864 opere
765 2784 836 2843 loco
858 2783 951 2844 vocis
978 2787 1022 2883 pel
1045 2783 1158 2864 legitur
1179 2787 1239 2884 t5l)
1271 2802 1366 2846 con-

263 2907 420 2966 silium.
464 2903 642 2964 Adhibetur
671 2902 894 2984 proverbium,
931 2922 1024 2984 quum
1057 2905 1191 2967 monitor
1218 2906 1364 2968 sincerus

264 3011 354 3073 alteri
385 3015 560 3086 suspectus
588 3015 648 3069 est.
692 3008 786 3070 Ocni.
809 3007 889 3088 Cap.
912 3007 989 3090 Vll,
1010 3007 1040 3070 9.
1061 3009 1124 3091 IV,
1146 3009 1197 3072 39.

479 3174 632 3345 mosell
655 3162 814 3366 ω9μ99
834 3171 964 3318 dal:
996 3205 1022 3296 l
1094 3217 1160 3303 lle

262 3435 347 3526 425,
397 3435 483 3509 Non
511 3383 788 3510 cunctabuntur
815 3436 892 3509 duo
919 3436 998 3534 lupi
1026 3461 1174 3536 gregem
1208 3463 1357 3537 parvam

404 3566 611 3666 (lacerare).

345 3699 546 3763 Vocabulum
568 3712 648 3792 ὼε
669 3700 795 3781 proprie
817 3707 1027 3762 errantem
1049 3710 1115 3762 tum
1139 3722 1264 3785 qnoque
1278 3633 1358 3789 a&

262 3825 316 3902 qui
338 3823 483 3886 omnibns
504 3819 989 3904 cupiditatibussuissatisfacit,
1004 3822 1183 3906 significet,
1206 3826 1268 3886 hoc
1285 3847 1358 3889 vero

214 3983 219 3991 .
262 3921 483 4011 inpro'verbio
505 3927 568 4007 lupi
593 3927 786 4010 intelligendi
807 3939 891 3990 sunt.
927 3933 963 3991 In
986 3929 1050 3991 fine
1072 3932 1233 4010 proverbii
1255 3943 1356 3996 autem

263 4035 489 4098 omissumest:
513 4035 645 4132 leltlgr,
673 4033 769 4131 leli5tp
796 4040 835 4132 Ol
858 4044 919 4118 „ut
941 4055 1012 4098 earn
1034 4034 1220 4118 dispergant
1241 4046 1356 4120 etpcr-

262 4155 369 4248 ἀτιμίαι
413 4158 464 4218 De
486 4177 524 4218 ee
546 4134 748 4237 prouerbium
779 4158 910 4238 dicitur,
941 4157 995 4238 qui
1018 4175 1096 4236 opes
1118 4176 1196 4220 suas
1218 4161 1357 4224 celeriter

263 4262 445 4343 dilapidet.-
806 4265 808 4274 ‘
