3024 4912
672 369 713 381 -
754 333 816 397 4⁷4
858 365 900 378 —

237 523 323 594 2³7.
377 518 456 590 Diei
482 542 552 588 suo
578 515 697 587 currit
732 537 847 584 vanna
872 507 1051 583 silvestris
1076 508 1190 583 celeri
1216 535 1349 584 cursu.

284 651 496 716 Proverbium
517 645 688 732 signifieat,
710 647 815 710 virum
837 665 884 727 re,
907 661 1003 727 quam
1025 651 1122 708 antea
1143 653 1348 707 oonsooutus

237 776 299 822 non
333 759 393 840 sit,
420 758 553 840 potitum
581 775 667 820 esse.
709 753 891 817 Meidunius
920 760 1028 814 nutem
1048 749 1264 833 {proverbium
1294 753 1349 816 sio

238 865 390 948 expliosri
426 881 530 946 possa¹
552 862 648 926 dixit:
690 861 771 924 Dies
801 862 871 923 eius
903 857 973 920 dies
1008 858 1121 920 mortis
1156 858 1349 940 signifioare

237 982 355 1057 potest,
381 971 459 1052 ut&
491 971 732 1055 praepositionis
751 969 810 1070 0³⁸
829 969 934 1031 lunum
968 975 1077 1030 tenent
1097 967 1117 1028 i.
1144 985 1173 1028 e.
1193 965 1235 1028 ad
1258 965 1349 1030 diem

237 1127 340 1176 suum.
382 1103 551 1171 Proverbii
583 1103 679 1185 igitur
714 1118 833 1163 sensus
859 1105 929 1162 est:
972 1098 1087 1161 Vaooa
1116 1096 1277 1159 silvestris
1303 1095 1348 1160 ad

237 1225 332 1307 dem,
355 1240 418 1306 quo
440 1219 578 1304 peritura
599 1226 662 1298 est,
684 1234 757 1279 oum
778 1214 944 1279 eeleritate
965 1213 1072 1276 ourrit.

370 1380 513 1553 ou
534 1351 692 1567 zie
729 1376 784 1563 ἐς
819 1342 920 1564 {et
951 1376 1057 1548 ot

237 1658 320 1729 238.
376 1649 459 1725 Non
485 1666 540 1723 est
566 1650 686 1751 segnis
712 1673 758 1719 ex
784 1643 866 1719 filiis
894 1641 1224 1716 omn-Aliarum.

319 1795 559 1860 Omm-Aiiars
587 1811 702 1855 nornen
730 1809 833 1872 equae
867 1799 955 1872 erut,
988 1784 1098 1869 elqua
1119 1785 1244 1861 nonnisi
1266 1787 1345 1867 equi

235 1905 387 1988 generosi
405 1904 472 1992 nati
491 1911 576 1966 suut.
617 1903 655 1964 In
680 1914 860 1983 generosos
880 1895 993 1960 dicitur
1013 1897 1035 1956 i.
1058 1914 1087 1957 e.
1114 1895 1143 1959 Ε
1170 1894 1343 1980 generosis

237 2010 391 2094 generosi
415 2018 600 2073 noscuntur.

235 2458 321 2532 2³9.
372 2451 457 2530 Non
483 2467 538 2527 est
554 2426 621 2526 ¹res
646 2477 728 2524 mes
744 2449 933 2526 molestior
960 2478 1075 2553 quarn
1094 2467 1172 2543 tuo,
1199 2467 1235 2525 et
1262 2478 1339 2527 non

367 2593 424 2654 ost
448 2574 669 2679 pudendum
694 2601 820 2650 meum
847 2579 1039 2678 angustius
1066 2593 1146 2652 tuo.

295 2705 531 2788 Duae-porvao
549 2706 675 2788 puellae
695 2704 819 2767 duobus
839 2703 918 2766 viris
938 2705 970 2766 in
992 2704 1223 2768 matrimonium
1244 2703 1341 2768 datae

235 2818 335 2872 erant.
382 2811 490 2873 Minor
526 2819 600 2873 natu
642 2810 709 2871 suis
745 2808 888 2872 dioobat:
932 2811 1118 2873 'l'eutorium
1156 2818 1340 2892 separatum

235 2915 327 2976 n'obis
348 2915 456 2998 dgito,
478 2922 554 2977 uta
576 2915 716 2978 virorum
742 2924 919 2998 conspeetu
940 2925 1083 2980 remotae
1104 2917 1214 2979 simus.
1238 2919 1341 2980 Maior

236 3031 447 3104 uomentem,
469 3041 509 3083 ne
531 3040 696 3105 properos,
713 3020 849 3084 dicebat.
891 3023 1152 3106 Exspectandum
1167 3025 1259 3088 uobis
1277 3033 1340 3109 ost,

181 3115 185 3134 ’
236 3130 340 3194 donoc
372 3130 499 3194 adultae
533 3131 643 3192 simus.
686 3131 731 3192 At
764 3147 860 3210 quum
894 3129 1096 3193 nihilominus
1130 3133 1231 3194 minor
1262 3140 1340 3194 natu

236 3244 385 3321 urgeret,
409 3237 510 3300 maior
535 3246 612 3300 natu
642 3237 707 3299 ista
734 3235 836 3299 verba
864 3235 960 3318 dixit,
982 3255 1065 3318 quae
1085 3238 1116 3299 in
1136 3239 1340 3319 proverbium

235 3346 398 3410 venientia
426 3344 466 3406 de
496 3363 535 3407 eo
550 3343 752 3428 adhibentur,
777 3344 830 3425 qui
850 3343 983 3425 probum
1005 3345 1064 3407 viri
1090 3345 1256 3408 eonsilium
1277 3366 1340 3411 non

235 3451 381 3515 admittit.
422 3453 550 3515 Diditur
567 3452 692 3533 igitur,
722 3451 806 3531 quod
832 3451 862 3512 si
889 3460 922 3511 te
950 3468 1013 3513 uon
1035 3452 1151 3533 pudet,
1178 3453 1255 3516 mihi
1276 3474 1340 3516 non

235 3567 287 3620 est
310 3558 439 3639 pudoris
468 3575 577 3621 eausa.
621 3559 680 3621 Suo
713 3567 820 3620 autem
848 3557 1010 3638 proverbii
1041 3561 1142 3622 verba
1163 3561 1340 3641 explicant:

233 3660 1031 3794 ⁶?wQ2ba5R3sMffliM

237 3792 1215 4034 ἑᾶῒῗῑεὲὄὲἶΜῑῧὲἷὲέ
1279 3871 1341 3959 o.

943 4084 1217 4285 deit?

1496 912 1499 1002 i
