2986 4914
671 283 898 348 ...672-

230 471 354 536 dixisse
369 466 511 547 terrun).
533 467 595 546 Qui
610 485 706 548 quarm
727 467 816 528 solus
837 466 867 528 ln
886 475 1018 550 gentem
1040 465 1124 530 'l'hai
1143 470 1337 554 incurreret,

228 576 425 662 llaritsahus
448 574 629 642 ben-Iram
652 571 793 653 'l'hajjita
814 573 915 635 virum
937 575 1044 656 gentis
1063 592 1162 658 suae,
1184 577 1238 658 qui
1260 579 1336 640 lht-

231 687 332 748 rimus'
358 683 593 764 appellabatur,
613 681 728 742 follem
751 690 784 743 et
805 679 1032 766 strenuum-ad
1058 702 1097 745 se
1125 685 1261 746 vocavit
1285 687 1340 747 in-

230 806 415 879 terrogans,
449 812 524 855 nuru
559 793 599 854 ab
620 793 682 854 isto
705 811 810 872 pravo
844 812 915 854 euru
945 793 1081 854 liberare
1109 803 1234 875 posset.
1278 795 1344 874 Qui

231 922 326 985 quum
356 920 395 962 se
414 918 512 981 posse
539 897 781 978 respondisset,
810 898 923 960 decem
953 899 1174 980 speculatores
1203 919 1275 963 curu
1298 900 1341 964 eo

230 1009 325 1070 misit.
345 987 542 1069 Invenerunt
561 1005 647 1065 illum
669 1005 700 1066 iu
719 1006 833 1066 umbra
850 1006 972 1067 arboris
994 1007 1133 1070 ⁴draca
1155 1009 1340 1087 appellatae

232 1115 437 1179 dormientem
469 1123 504 1176 et
534 1131 652 1195 equum
682 1111 723 1174 ad
755 1114 841 1174 latus
867 1113 1043 1190 alligatum.
1087 1115 1147 1176 Vir
1168 1116 1265 1198 igitur
1286 1117 1342 1179 ille

233 1231 383 1284 strenuus
410 1239 481 1293 cum
503 1222 593 1283 socio
621 1219 662 1281 ad
689 1239 763 1281 eum
793 1217 970 1282 descendit.
1011 1220 1091 1282 Eius
1112 1209 1259 1283 manibus
1283 1242 1343 1284 aro
1463 1249 1469 1260 1

232 1328 331 1411 reptio
351 1328 383 1387 iu
404 1335 488 1388 terra
510 1326 680 1388 cubantem
701 1325 907 1388 retinuerunt.
930 1327 975 1387 At
989 1327 1148 1410 evigilans
1171 1327 1340 1390 dexteram

231 1452 358 1498 manum
380 1451 422 1494 ex
443 1421 535 1494 unius
547 1432 694 1493 manibus
714 1431 883 1494 retrahens
897 1432 1007 1513 iugulo
1023 1450 1210 1514 compresso
1233 1436 1340 1498 virum

193 1553 197 1564 '
234 1541 375 1604 necavit.
418 1540 498 1601 Turn
520 1539 633 1618 reliqui
655 1521 847 1600 advolarun't
867 1547 899 1600 et
921 1539 1079 1604 iacentem
1095 1543 1233 1604 vinculis
1257 1561 1341 1606 oon-

142 1697 146 1708 ,
232 1650 439 1712 strinxerunt.
482 1643 592 1707 Occisi
613 1652 720 1720 autem
745 1645 828 1707 lilius
855 1646 1051 1709 Haudsahus
1072 1648 1278 1732 bert-lhtrim7
1303 1660 1341 1712 ut

232 1753 293 1816 sibi
313 1751 363 1814 ins
385 1748 564 1812 vindicandi
586 1749 832 1832 concederetur,
854 1753 952 1830 petiit.
975 1749 1117 1835 (laeteri,
1140 1772 1177 1814 sc
1200 1774 1273 1815 eum
1297 1755 1339 1818 ad

206 1857 465 1923 'lleritlrsahum
493 1854 688 1920 adducturos
718 1853 815 1936 esse,
838 1856 995 1920 dixerunt.
1043 1859 1238 1922 Advenienti
1267 1863 1341 1924 lla-

234 1965 377 2030 ritsehua
404 1965 499 2026 dixit:
520 1968 607 2066 cufi
634 1963 717 2031 tttle
743 1965 821 2063 iffi
843 1964 924 2038 wi
942 1968 982 2064 c,l
1007 1969 1127 2052 spstlu‘
1144 1965 1161 2046 lp
1185 1968 1233 2032 „0
1257 1969 1341 2032 Cal-

234 2091 328 2173 habe,
348 2091 377 2153 si
396 2069 606 2171 captusuuno
621 2108 670 2169 es,
687 2098 719 2152 et
736 2090 928 2171 saepissime
942 2091 1089 2170 captivos
1106 2090 1242 2154 fecisti«.
1259 2091 1341 2154 Cal-

234 2194 338 2261 lrabus
358 2205 465 2259 autem
487 2197 556 2259 istis
577 2196 707 2277 verbis,
729 2215 811 2277 quae
838 2197 869 2258 in
889 2196 1051 2277 proverbii
1073 2198 1339 2284 consuetudinem

234 2315 416 2385 venerunt,
438 2301 611 2382 respoudit.
652 2304 850 2367 llaritsahne
881 2312 946 2365 tum
978 2302 1077 2370 occisi
1106 2303 1181 2381 lilio,
1203 2314 1240 2366 ut
1262 2307 1340 2367 vin-

191 2397 194 2404 ’
234 2412 351 2475 dietam
382 2417 546 2488 sumeret,
578 2412 729 2491 permisit.
772 2412 900 2491 Reliqui
942 2420 1048 2474 autem
1081 2411 1156 2473 dnm
1197 2412 1277 2474 ¹'nter
1304 2433 1343 2476 se

236 2509 417 2582 sermonem
453 2515 634 2600 faciebant,
671 2517 834 2580 Calhabus
871 2519 1001 2580 vincula
1033 2521 1166 2582 solvens
1198 2521 1277 2604 luga
1304 2540 1343 2584 se

228 2627 353 2707 ‘eripuit
372 2633 462 2689 tanta
483 2625 656 2700 celeritate,
678 2635 713 2686 ut
735 2626 796 2704 ipsi
818 2626 907 2707 equis
929 2625 1087 2688 vehentes
1109 2645 1181 2688 eum
1202 2647 1266 2690 non
1289 2638 1344 2690 at-

236 2735 408 2818 tingerent.
450 2733 524 2795 'l'eli
554 2732 649 2796 modo
678 2732 860 2798 vindicandi
880 2751 940 2814 spe
968 2732 1123 2796 frustrata
1142 2731 1343 2797 Haudsahus

237 2841 298 2904 lros
321 2859 435 2902 versus
457 2839 552 2902 dixit:

901 2963 959 2990 o..
985 2951 1100 2993 ,11οὲ
1127 2964 1161 2993 to
1189 2955 1204 2990 Ι

236 2965 310 3110 aa,
334 2967 436 3105 mr
453 2959 531 3098 m
553 2956 654 3080 esa·
675 2968 754 3072 aa
784 2977 857 3082 ea·
971 2999 1033 3081 a
1058 3000 1099 3092 n
1114 2993 1203 3085 ‚a
1228 2967 1287 3106 ,ιι
1309 2977 1343 3122 n

245 3213 312 3242 ἈΜ

120 3321 123 3326 ,
239 3205 1344 3360 pcaernmamfflemrasmduuoele

240 3414 355 3494 „Apud
377 3417 481 3478 Deum
505 3435 640 3500 queror,
662 3415 745 3498 quod
766 3412 863 3476 redeo
886 3421 917 3475 et
938 3414 1016 3476 iam·
1031 3412 1171 3474 substitit
1201 3414 1255 3476 ille
1283 3433 1344 3476 oc-

281 3520 460 3599 cidendus,
482 3524 574 3604 perlit
595 3524 676 3585 euim
699 3523 806 3604 gentis
828 3520 975 3583 dominus
997 3520 1155 3582 lhtrimus.
1197 3523 1345 3584 Mortuus

281 3639 389 3692 autem
415 3638 465 3692 est
495 3631 565 3692 sine
593 3629 734 3692 vindicta
755 3629 817 3690 isto
838 3627 933 3689 modo
954 3647 1011 3710 per
1031 3647 1157 3690 manum
1179 3629 1240 3690 viri
1260 3629 1344 3690 vilis.

283 3736 327 3797 let
359 3735 388 3796 si
423 3755 486 3797 neu
523 3737 603 3808 (hoc
624 3717 835 3815 accidisset),
859 3733 978 3798 dictum
1000 3734 1136 3798 fuisset:
1158 3735 1345 3800 Vindictam

241 3941 475 3956 *ι’-ιιι·-

184 4115 186 4120 ,
258 4063 283 4126 t)
302 4065 344 4113 Ad
362 4064 533 4127 proverbium
552 4063 582 4114 G.
601 4065 701 4128 XXIV,
718 4065 782 4114 aaa.
799 4063 900 4127 legitur
917 4063 1017 4127 oratio,
1035 4073 1114 4127 quam
1132 4059 1257 4110 Alr'urirue
1275 4059 1344 4110 ben·

307 4155 442 4206 Altnsarllr
473 4155 548 4219 genti
569 4169 636 4206 errae
665 4155 763 4206 hebuit.
803 4157 833 4204 ln
870 4155 921 4206 ista
949 4153 1073 4206 oratione
1103 4151 1237 4216 proverbii
1267 4150 1343 4201 huius

304 4243 433 4308 leguntur
452 4247 545 4295 verba.
