3024 4912
669 369 901 432 ...420-

272 560 306 623 td
330 569 396 622 est:
429 561 516 624 Anto
538 566 641 620 orturu
662 556 818 625 Aurorae,
841 553 1023 632 priusquam
1045 551 1167 610 clamor
1188 541 1320 607 audire·

208 679 259 734 tur
278 677 312 730 et
344 654 489 729 homines
518 665 794 745 dispergerentur3
823 659 984 721 vocabulo
1015 657 1097 716 enirn
1124 681 1175 751 5⁹⁴
1196 652 1260 715 hoc
1289 651 1320 712 in

208 793 378 876 proverbio
388 767 701 872 eademsigniiicatio
710 801 805 864 quam
814 782 888 844 voci
895 791 975 892 &pt
988 779 1077 860 disp
1087 795 1152 840 ers
1160 777 1170 838 i
1178 797 1197 838 o
1206 775 1321 840 tribui-

208 923 268 1018 tpr.
315 915 351 974 Iu
382 910 642 974 Samachsclrarii
679 909 855 987 opere'ps
894 905 1047 968 omissum
1081 910 1142 963 est.
1193 899 1320 961 Dicitur

207 1043 400 1133 quoqnezpt
425 1035 462 1123 t,
477 1061 559 1146 expo
584 1043 637 1126 ,ἠὲ
662 1065 705 1114 0.
720 1039 819 1114 ,με
847 1025 1003 1108 „Nullam
1026 1026 1067 1088 ob
1089 1018 1226 1088 causam
1248 1025 1318 1087 ira-

164 1221 169 1240 ,
208 1169 263 1222 tus
284 1159 344 1222 tuit
375 1159 458 1220 conf.
479 1157 532 1240 nj,
554 1163 587 1218 et
614 1155 707 1216 Korn.
1087 1162 1091 1172 ’

208 1617 269 1688 43.
322 1612 480 1687 Occurri
507 1613 539 1685 ei
566 1625 736 1712 tempere
762 1612 895 1682 summi
924 1622 1056 1680 aestua.

291 1773 415 1834 Dicitur
451 1789 579 1854 quoque
605 1799 683 1873 &a
707 1769 781 1835 ’,ζέω
806 1771 884 1850 ιπερὶ
921 1761 974 1848 Dj.
1006 1761 1198 1844 Attihjauius
1228 1737 1316 1840 dicit,

207 1898 315 1960 verbis
336 1927 412 2006 ωε
438 1897 510 1962 ϊέιο
531 1915 690 1959 summum
712 1903 856 1968 aestum,
879 1893 930 1974 qui
954 1898 1063 1951 tantus
1086 1888 1141 1968 sit,
1164 1895 1199 1947 ut
1221 1885 1317 1948 homo

208 2021 378 2084 obcaecari
392 2025 510 2104 possit,
527 2022 711 2105 significari.
734 2019 819 2082 Dicit
839 2017 1023 2114 Alferripts,
1046 2023 1174 2096 ternpus
1198 2013 1316 2074 summi

208 2130 348 2193 meridiei
381 2131 575 2213 significari,
611 2130 663 2192 aiii
692 2139 796 2192 autem
808 2174 817 2210 ,
847 2117 1040 2190 vocabukitn
1064 2153 1141 2226 &a
1168 2119 1317 2184 ardorem

208 2256 313 2334 ipsum
336 2255 527 2336 designare,
559 2263 680 2337 putant.
723 2255 807 2317 Sunt
836 2252 986 2335 denique,
1018 2252 1080 2338 qui·
1098 2249 1219 2324 dicant,
1244 2245 1316 2312 oh-

208 2359 340 2438 majjum
367 2361 468 2423 fuisse
493 2365 595 2424 virum
618 2361 901 2445 gentisAhdwan,
935 2362 986 2442 qui
1013 2352 1197 2420 'do'itinere
1220 2373 1315 2418 sacru

207 2469 357 2530 Meccam
381 2468 527 2536 facundo
546 2469 739 2538 senteutiam
763 2468 869 2532 dicero
897 2471 1025 2544 soleret.
1070 2468 1230 2548 Tempore
1251 2484 1314 2527 au·

207 2584 273 2638 tem
305 2574 461 2657 quodam,
503 2596 565 2658 quo
593 2578 663 2658 ipse
699 2578 729 2638 iu
762 2578 873 2638 itinere
901 2578 1050 2638 Meccarn
1072 2573 1218 2636 iaciendo
1242 2590 1316 2634 cum

207 2683 479 2763 peregrinantium
512 2683 602 2743 turba
641 2663 749 2761 esset,
783 2703 853 2743 eum
877 2681 1006 2743 dixisse.
1037 2681 1125 2764 „Qui
1155 2701 1197 2741 ex
1224 2679 1318 2740 vobis

205 2787 268 2848 hac
288 2789 367 2850 hora
389 2789 519 2850 crastini
541 2786 602 2850 diei
624 2789 775 2850 Meecarn
804 2809 865 2848 tton
888 2789 1088 2869 pervenerit,
1112 2787 1139 2847 is
1161 2785 1310 2868 peregri·
1396 2787 1400 2794 '

207 2895 365 2956 nationem
393 2913 485 2956 stram
514 2895 578 2955 hoc
616 2914 699 2958 anno
729 2915 791 2984 non
812 2891 993 2976 perficiet“.
1015 2893 1108 2985 Quae
1130 2894 1231 2954 verba
1251 2893 1315 2954 ho·

206 3002 308 3064 minas
331 2999 495 3065 audientes
517 3021 642 3065 summo
665 3003 796 3075 meridia
815 3005 844 3064 iu
867 3004 977 3064 itinere
992 2998 1165 3086 prosperitus
1187 3003 1317 3062 iumen·

205 3118 240 3172 ta
267 3109 495 3192 propulsasse,
525 3095 628 3172 donoc
661 3107 809 3172 Meccam
839 3105 1062 3172 intrauerint“.
1088 3111 1183 3171 Hanc
1212 3109 1317 3170 fuisse

204 3218 365 3299 proverbii
391 3219 553 3298 originem.
598 3218 694 3296 Quod
723 3221 752 3279 si
780 3219 864 3280 hrtnc
892 3215 1071 3298 explicandi
1100 3214 1230 3278 modum
1253 3214 1318 3276 ad-

204 3325 316 3406 mittis,
337 3325 507 3387 verborum
529 3329 675 3407 proprius
694 3346 809 3390 sensus
831 3321 915 3388 est“.
959 3325 1094 3387 Occurri
1122 3323 1151 3384 ai
1173 3339 1314 3404 percus-

207 3432 299 3520 sione
322 3431 469 3514 Ohmajji.
515 3417 804 3496 Samaclrscharius
833 3434 938 3496 retulit
960 3449 1050 3506 esse,
1073 3431 1124 3512 qui
1146 3427 1316 3491 Dhmmam

204 3540 388 3603 Amaiekita
429 3541 533 3603 fuisse
575 3542 691 3604 dicant.
752 3541 821 3602 Iste
860 3559 954 3620 qurum
993 3537 1132 3600 meridiei
1169 3545 1315 3618 tempore

204 3650 234 3709 in
261 3659 405 3732 gentem
440 3648 596 3729 quandam
636 3649 740 3711 subito
782 3649 969 3729 irrupisset,
1001 3657 1137 3732 ,tempus
1165 3642 1243 3706 iliud
1260 3645 1315 3718 ,ab

203 3757 267 3818 isto
297 3758 369 3818 viro
402 3774 516 3817 nornen
548 3756 728 3835 accepisse.
770 3754 986 3836 Atii‘dicunt,
1010 3774 1127 3818 vocem
1150 3771 1225 3814 esse
1252 3752 1315 3813 de-
1381 3789 1396 3818 ο

204 3864 392 3926 minutivum
408 3863 500 3925 vocis
521 3875 621 3963 ιρι,
645 3881 708 3942 quo
736 3860 851 3951 dorcas
873 3862 1090 3948 significetur,
1113 3863 1187 3944 quia
1208 3860 1315 3922 veha-

204 3989 324 4049 mentia
344 3987 460 4050 caloris
481 3988 526 4048 ita
548 3986 718 4049 dorcadcrn
751 3987 899 4070 adficiat,
929 3995 962 4049 ut
990 3988 1020 4050 in
1049 3985 1180 4050 iatriruio
1203 3985 1316 4050 oculos

203 4095 234 4154 in
273 4102 390 4157 terram
425 4095 533 4178 fugens
571 4112 671 4156 caeca
706 4114 780 4156 osse
814 4094 971 4156 videatur.
1015 4095 1149 4175 Legitur
1185 4111 1315 4174 quoquo

201 4203 399 4306 auxitan,
423 4213 459 4265 ut
480 4203 610 4284 pluralis
630 4203 672 4265 sit
684 4204 830 4264 vocabuli
853 4204 944 4274 sti>-
967 4204 1051 4265 conf.
1064 4193 1190 4283 quoque
1206 4197 1315 4263 Harir.
1345 4247 1350 4262 ,

201 4348 232 4410 p.
258 4328 327 4391 190.
349 4335 382 4388 et
414 4327 507 4390 Kam.
